@inproceedings{DBLP:conf/oopsla/BaconS96,
  author    = {David F. Bacon and
               Peter F. Sweeney},
  @ignore.editor    = {Lougie Anderson and
               James Coplien},
  title     = {Fast Static Analysis of {C++} Virtual Function Calls},
  booktitle = {Proceedings of the 1996 {ACM} {SIGPLAN} Conference on Object-Oriented
               Programming Systems, Languages {\&} Applications {(OOPSLA} '96),
               San Jose, California, USA, October 6-10, 1996.},
  pages     = {324--341},
  publisher = {{ACM}},
  year      = {1996},
  url       = {https://doi.org/10.1145/236337.236371},
  doi       = {10.1145/236337.236371},
  timestamp = {Tue, 06 Nov 2018 16:57:15 +0100},
  biburl    = {https://dblp.org/rec/bib/conf/oopsla/BaconS96},
  bibsource = {dblp computer science bibliography, https://dblp.org}
}

@inproceedings{DBLP:conf/edcc/LawallLHPM10,
  author    = {Julia L. Lawall and
               Ben Laurie and
               Ren{\'{e}} Rydhof Hansen and
               Nicolas Palix and
               Gilles Muller},
  title     = {Finding Error Handling Bugs in OpenSSL Using Coccinelle},
  booktitle = {Eighth European Dependable Computing Conference, {EDCC-8} 2010, Valencia,
               Spain, 28-30 April 2010},
  pages     = {191--196},
  publisher = {{IEEE} Computer Society},
  year      = {2010},
  url       = {https://doi.org/10.1109/EDCC.2010.31},
  doi       = {10.1109/EDCC.2010.31},
  timestamp = {Fri, 26 May 2017 00:51:20 +0200},
  biburl    = {https://dblp.org/rec/bib/conf/edcc/LawallLHPM10},
  bibsource = {dblp computer science bibliography, https://dblp.org}
}

@inproceedings{DBLP:conf/programming/Oqvist18,
  author    = {Jesper {\"{O}}qvist},
  @ignore.editor    = {Stefan Marr and
               Jennifer B. Sartor},
  title     = {ExtendJ: extensible Java compiler},
  booktitle = {Conference Companion of the 2nd International Conference on Art, Science,
               and Engineering of Programming, Nice, France, April 09-12, 2018},
  pages     = {234--235},
  publisher = {{ACM}},
  year      = {2018},
  url       = {https://doi.org/10.1145/3191697.3213798},
  doi       = {10.1145/3191697.3213798},
  timestamp = {Wed, 21 Nov 2018 12:44:14 +0100},
  biburl    = {https://dblp.org/rec/bib/conf/programming/Oqvist18},
  bibsource = {dblp computer science bibliography, https://dblp.org}
}

@inproceedings{DBLP:conf/sle/MeySHSKFOA18,
  author    = {Johannes Mey and
               Ren{\'{e}} Sch{\"{o}}ne and
               G{\"{o}}rel Hedin and
               Emma S{\"{o}}derberg and
               Thomas K{\"{u}}hn and
               Niklas Fors and
               Jesper {\"{O}}qvist and
               Uwe A{\ss}mann},
  @ignore.editor    = {David Pearce and
               Tanja Mayerhofer and
               Friedrich Steimann},
  title     = {Continuous model validation using reference attribute grammars},
  booktitle = {Proceedings of the 11th {ACM} {SIGPLAN} International Conference on
               Software Language Engineering, {SLE} 2018, Boston, MA, USA, November
               05-06, 2018},
  pages     = {70--82},
  publisher = {{ACM}},
  year      = {2018},
  url       = {https://doi.org/10.1145/3276604.3276616},
  doi       = {10.1145/3276604.3276616},
  timestamp = {Wed, 21 Nov 2018 12:44:04 +0100},
  biburl    = {https://dblp.org/rec/bib/conf/sle/MeySHSKFOA18},
  bibsource = {dblp computer science bibliography, https://dblp.org}
}

@article{DBLP:journals/sigplan/HeeringHKR89,
  author    = {Jan Heering and
               P. R. H. Hendriks and
               Paul Klint and
               J. Rekers},
  title     = {The syntax definition formalism {SDF} - reference manual},
  journal   = {{SIGPLAN} Notices},
  volume    = {24},
  number    = {11},
  pages     = {43--75},
  year      = {1989},
  url       = {https://doi.org/10.1145/71605.71607},
  doi       = {10.1145/71605.71607},
  timestamp = {Tue, 06 Nov 2018 12:51:13 +0100},
  biburl    = {https://dblp.org/rec/bib/journals/sigplan/HeeringHKR89},
  bibsource = {dblp computer science bibliography, https://dblp.org}
}

@inproceedings{DBLP:conf/rta/Visser01,
  author    = {Eelco Visser},
  @ignore.editor    = {Aart Middeldorp},
  title     = {Stratego: {A} Language for Program Transformation Based on Rewriting
               Strategies},
  booktitle = {Rewriting Techniques and Applications, 12th International Conference,
               {RTA} 2001, Utrecht, The Netherlands, May 22-24, 2001, Proceedings},
  series    = {Lecture Notes in Computer Science},
  volume    = {2051},
  pages     = {357--362},
  publisher = {Springer},
  year      = {2001},
  url       = {https://doi.org/10.1007/3-540-45127-7\_27},
  doi       = {10.1007/3-540-45127-7\_27},
  timestamp = {Mon, 05 Jun 2017 12:41:07 +0200},
  biburl    = {https://dblp.org/rec/bib/conf/rta/Visser01},
  bibsource = {dblp computer science bibliography, https://dblp.org}
}

@online{javaparser,
  title = {JavaParser - For processing Java code},
  year = {2018},
  month = {12},
  day = {06},
  url = {https://javaparser.org/},
  lastaccessed = {2018-12-06},
  shorthand = {JavaP},
  sortname = {JavaP}
}

@online{eclipsejdt,
  title = {Eclipse Java development tools (JDT)},
  year = {2018},
  month = {12},
  day = {06},
  url = {https://projects.eclipse.org/projects/eclipse.jdt},
  lastaccessed = {2018-12-06},
  shorthand = {JDT}
}

@inproceedings{DBLP:conf/cascon/Vallee-RaiCGHLS99,
  author    = {Raja Vall{\'{e}}e{-}Rai and
               Phong Co and
               Etienne Gagnon and
               Laurie J. Hendren and
               Patrick Lam and
               Vijay Sundaresan},
  @ignore.editor    = {Stephen A. MacKay and
               J. Howard Johnson},
  title     = {Soot - a Java bytecode optimization framework},
  booktitle = {Proceedings of the 1999 conference of the Centre for Advanced Studies
               on Collaborative Research, November 8-11, 1999, Mississauga, Ontario,
               Canada},
  pages     = {13},
  publisher = {{IBM}},
  year      = {1999},
  url       = {https://dl.acm.org/citation.cfm?id=782008},
  timestamp = {Fri, 30 Nov 2018 02:24:54 +0100},
  biburl    = {https://dblp.org/rec/bib/conf/cascon/Vallee-RaiCGHLS99},
  bibsource = {dblp computer science bibliography, https://dblp.org}
}

@inproceedings{DBLP:conf/oopsla/BravenboerV04,
  author    = {Martin Bravenboer and
               Eelco Visser},
  @ignore.editor    = {John M. Vlissides and
               Douglas C. Schmidt},
  title     = {Concrete syntax for objects: domain-specific language embedding and
               assimilation without restrictions},
  booktitle = {Proceedings of the 19th Annual {ACM} {SIGPLAN} Conference on Object-Oriented
               Programming, Systems, Languages, and Applications, {OOPSLA} 2004,
               October 24-28, 2004, Vancouver, BC, Canada},
  pages     = {365--383},
  publisher = {{ACM}},
  year      = {2004},
  url       = {https://doi.org/10.1145/1028976.1029007},
  doi       = {10.1145/1028976.1029007},
  timestamp = {Tue, 06 Nov 2018 16:57:16 +0100},
  biburl    = {https://dblp.org/rec/bib/conf/oopsla/BravenboerV04},
  bibsource = {dblp computer science bibliography, https://dblp.org}
}

@article{theorin2012rewriting,
  title={Rewriting JGrafchart with Rewritable Reference Attribute Grammars},
  author={Theorin, Alfred and {\AA}rz{\'e}n, Karl-Erik and Johnsson, Charlotta},
  journal={Industrial Track of Software Language Engineering},
  year={2012}
}

@inproceedings{DBLP:conf/ecoop/WykKBS07,
  author    = {Eric Van Wyk and
               Lijesh Krishnan and
               Derek Bodin and
               August Schwerdfeger},
  @ignore.editor    = {Erik Ernst},
  title     = {Attribute Grammar-Based Language Extensions for Java},
  booktitle = {{ECOOP} 2007 - Object-Oriented Programming, 21st European Conference,
               Berlin, Germany, July 30 - August 3, 2007, Proceedings},
  series    = {Lecture Notes in Computer Science},
  volume    = {4609},
  pages     = {575--599},
  publisher = {Springer},
  year      = {2007},
  url       = {https://doi.org/10.1007/978-3-540-73589-2\_27},
  doi       = {10.1007/978-3-540-73589-2\_27},
  timestamp = {Fri, 02 Jun 2017 13:01:07 +0200},
  biburl    = {https://dblp.org/rec/bib/conf/ecoop/WykKBS07},
  bibsource = {dblp computer science bibliography, https://dblp.org}
}

@article{DBLP:journals/scp/HedinM03,
  author    = {G{\"{o}}rel Hedin and
               Eva Magnusson},
  title     = {JastAdd--an aspect-oriented compiler construction system},
  journal   = {Sci. Comput. Program.},
  volume    = {47},
  number    = {1},
  pages     = {37--58},
  year      = {2003},
  url       = {https://doi.org/10.1016/S0167-6423(02)00109-0},
  doi       = {10.1016/S0167-6423(02)00109-0},
  timestamp = {Sat, 27 May 2017 14:22:55 +0200},
  biburl    = {https://dblp.org/rec/bib/journals/scp/HedinM03},
  bibsource = {dblp computer science bibliography, https://dblp.org}
}

@misc{bsd3clause,
  title = {The Modified BSD License},
  organization = {Regents of the University of California},
  year = {1999},
  url = {https://opensource.org/licenses/BSD-3-Clause},
  shorthand = {BSD}
}

@book{DBLP:series/utcs/Sestoft17,
  author    = {Peter Sestoft},
  title     = {Programming Language Concepts, Second Edition},
  series    = {Undergraduate Topics in Computer Science},
  publisher = {Springer},
  year      = {2017},
  url       = {https://doi.org/10.1007/978-3-319-60789-4},
  doi       = {10.1007/978-3-319-60789-4},
  isbn      = {978-3-319-60788-7},
  timestamp = {Fri, 08 Sep 2017 10:42:48 +0200},
  biburl    = {https://dblp.org/rec/bib/series/utcs/Sestoft17},
  bibsource = {dblp computer science bibliography, https://dblp.org}
}

@inproceedings{DBLP:conf/oopsla/HarrisonO93,
  author    = {William H. Harrison and
               Harold Ossher},
  @ignore.editor    = {Timlynn Babitsky and
               Jim Salmons},
  title     = {Subject-Oriented Programming {(A} Critique of Pure Objects)},
  booktitle = {Conference on Object-Oriented Programming Systems, Languages, and
               Applications (OOPSLA), Eighth Annual Conference, Washington, DC, USA,
               September 26 - October 1, 1993, Proceedings.},
  pages     = {411--428},
  publisher = {{ACM}},
  year      = {1993},
  url       = {https://doi.org/10.1145/165854.165932},
  doi       = {10.1145/165854.165932},
  timestamp = {Tue, 06 Nov 2018 16:57:15 +0100},
  biburl    = {https://dblp.org/rec/bib/conf/oopsla/HarrisonO93},
  bibsource = {dblp computer science bibliography, https://dblp.org}
}

@book{DBLP:books/sp/UhlDP82,
  author    = {J{\"{u}}rgen Uhl and
               Sophia Drossopoulou and
               Guido Persch and
               Gerhard Goos and
               Manfred Dausmann and
               Georg Winterstein and
               Walter Kirchg{\"{a}}ssner},
  title     = {An Attribute Grammar for the Semantic Analysis of Ada},
  series    = {Lecture Notes in Computer Science},
  volume    = {139},
  publisher = {Springer},
  year      = {1982},
  url       = {https://doi.org/10.1007/3-540-11571-4},
  doi       = {10.1007/3-540-11571-4},
  isbn      = {3-540-11571-4},
  timestamp = {Tue, 16 May 2017 14:01:46 +0200},
  biburl    = {https://dblp.org/rec/bib/books/sp/UhlDP82},
  bibsource = {dblp computer science bibliography, https://dblp.org}
}

@book{DBLP:books/sp/KastensHZ82,
  author    = {Uwe Kastens and
               Brigitte Hutt and
               Erich Zimmermann},
  title     = {{GAG:} {A} Practical Compiler Generator},
  series    = {Lecture Notes in Computer Science},
  volume    = {141},
  publisher = {Springer},
  year      = {1982},
  url       = {https://doi.org/10.1007/BFb0034297},
  doi       = {10.1007/BFb0034297},
  isbn      = {3-540-11591-9},
  timestamp = {Tue, 16 May 2017 14:01:44 +0200},
  biburl    = {https://dblp.org/rec/bib/books/sp/KastensHZ82},
  bibsource = {dblp computer science bibliography, https://dblp.org}
}

@book{lieberherr1996adaptive,
  title     = {Adaptive object-oriented software: The demeter method with propagation patterns},
  author    = {Karl J. Lieberherr},
  publisher = {PWS Publishing Company},
  location  = {Boston},
  year      = {1996}
}

@incollection{DBLP:reference/snam/X14xcf,
  title     = {{W3C} {XML} Path Language},
  booktitle = {Encyclopedia of Social Network Analysis and Mining},
  publisher = {Springer},
  pages     = {2337},
  year      = {2014},
  url       = {https://doi.org/10.1007/978-1-4614-6170-8\_100435},
  doi       = {10.1007/978-1-4614-6170-8\_100435},
  timestamp = {Wed, 12 Jul 2017 09:11:46 +0200},
  biburl    = {https://dblp.org/rec/bib/reference/snam/X14xcf},
  bibsource = {dblp computer science bibliography, https://dblp.org},
  shorthand = {XPath},
  sortname  = {XPath},
}

@inproceedings{DBLP:conf/pldi/FarrowS89,
  author    = {Rodney Farrow and
               Alec G. Stanculescu},
  @ignore.editor    = {Richard L. Wexelblat},
  title     = {A {VHDL} Compiler Based on Attribute Grammar Methodology},
  booktitle = {Proceedings of the {ACM} SIGPLAN'89 Conference on Programming Language
               Design and Implementation (PLDI), Portland, Oregon, USA, June 21-23,
               1989},
  pages     = {120--130},
  publisher = {{ACM}},
  year      = {1989},
  url       = {https://doi.org/10.1145/73141.74829},
  doi       = {10.1145/73141.74829},
  timestamp = {Tue, 06 Nov 2018 16:59:30 +0100},
  biburl    = {https://dblp.org/rec/bib/conf/pldi/FarrowS89},
  bibsource = {dblp computer science bibliography, https://dblp.org}
}

@article{DBLP:journals/entcs/HedinM01,
  author    = {G{\"{o}}rel Hedin and
               Eva Magnusson},
  title     = {JastAdd - a Java-based system for implementing front ends},
  journal   = {Electr. Notes Theor. Comput. Sci.},
  volume    = {44},
  number    = {2},
  pages     = {59--78},
  year      = {2001},
  url       = {https://doi.org/10.1016/S1571-0661(04)80920-4},
  doi       = {10.1016/S1571-0661(04)80920-4},
  timestamp = {Sun, 28 May 2017 13:22:55 +0200},
  biburl    = {https://dblp.org/rec/bib/journals/entcs/HedinM01},
  bibsource = {dblp computer science bibliography, https://dblp.org}
}

@article{DBLP:journals/scp/EkmanH07,
  author    = {Torbj{\"{o}}rn Ekman and
               G{\"{o}}rel Hedin},
  title     = {The JastAdd system - modular extensible compiler construction},
  journal   = {Sci. Comput. Program.},
  volume    = {69},
  number    = {1-3},
  pages     = {14--26},
  year      = {2007},
  url       = {https://doi.org/10.1016/j.scico.2007.02.003},
  doi       = {10.1016/j.scico.2007.02.003},
  timestamp = {Mon, 13 Nov 2017 16:57:24 +0100},
  biburl    = {https://dblp.org/rec/bib/journals/scp/EkmanH07},
  bibsource = {dblp computer science bibliography, https://dblp.org}
}

@inbook{Hedin2011,
  author="Hedin, G{\"o}rel",
  @ignore.editor="Fernandes, Jo{\~a}o M.
    and L{\"a}mmel, Ralf
    and Visser, Joost
    and Saraiva, Jo{\~a}o",
  title="An Introductory Tutorial on JastAdd Attribute Grammars",
  bookTitle="Generative and Transformational Techniques in Software Engineering III: International Summer School, GTTSE 2009. Revised Papers",
  series    = {Lecture Notes in Computer Science},
  volume    = {6491},
  year      = {2011},
  publisher = {Springer},
  pages="166--200",
  isbn="978-3-642-18023-1",
  doi="10.1007/978-3-642-18023-1_4",
  url="https://doi.org/10.1007/978-3-642-18023-1_4"
}

@techreport{boyland1996descriptional,
  title={Descriptional composition of compiler components},
  author={Boyland, John T},
  year={1996},
  institution={University of California at Berkley, Department of Electrical Engineering and Computer Sciences}
}

@inproceedings{DBLP:conf/programm/Jourdan84,
  author    = {Martin Jourdan},
  editor    = {Manfred Paul and
               Bernard Robinet},
  title     = {An Optimal-time Recursive Evaluator for Attribute Grammars},
  booktitle = {International Symposium on Programming, 6th Colloquium, Toulouse,
               France, April 17-19, 1984, Proceedings},
  series    = {Lecture Notes in Computer Science},
  volume    = {167},
  pages     = {167--178},
  publisher = {Springer},
  year      = {1984},
  url       = {https://doi.org/10.1007/3-540-12925-1\_37},
  doi       = {10.1007/3-540-12925-1\_37},
  timestamp = {Mon, 18 Jun 2018 20:41:02 +0200},
  biburl    = {https://dblp.org/rec/bib/conf/programm/Jourdan84},
  bibsource = {dblp computer science bibliography, https://dblp.org}
}

@inproceedings{DBLP:conf/oopsla/ForsH16,
  author    = {Niklas Fors and
               G{\"{o}}rel Hedin},
  @ignore.editor    = {Eelco Visser and
               Emerson R. Murphy{-}Hill and
               Crista Lopes},
  title     = {Bloqqi: modular feature-based block diagram programming},
  booktitle = {2016 {ACM} International Symposium on New Ideas, New Paradigms, and
               Reflections on Programming and Software, Onward! 2016, Amsterdam,
               The Netherlands, November 2-4, 2016},
  pages     = {57--73},
  publisher = {{ACM}},
  year      = {2016},
  url       = {https://doi.org/10.1145/2986012.2986026},
  doi       = {10.1145/2986012.2986026},
  timestamp = {Tue, 06 Nov 2018 16:57:16 +0100},
  biburl    = {https://dblp.org/rec/bib/conf/oopsla/ForsH16},
  bibsource = {dblp computer science bibliography, https://dblp.org}
}

@phdthesis{DBLP:phd/basesearch/Fors16,
  author    = {Niklas Fors},
  title     = {The Design and Implementation of Bloqqi - {A} Feature-Based Diagram
               Programming Language},
  school    = {Lund University, Sweden},
  year      = {2016},
  url       = {http://lup.lub.lu.se/record/7d8f27de-3dd1-4a14-8fbf-a86523d01ec0},
  timestamp = {Fri, 02 Jun 2017 13:52:41 +0200},
  biburl    = {https://dblp.org/rec/bib/phd/basesearch/Fors16},
  bibsource = {dblp computer science bibliography, https://dblp.org}
}

@inproceedings{Kats2010,
  doi = {10.1145/1869459.1869497},
  url = {https://doi.org/10.1145/1869459.1869497},
  year  = {2010},
  publisher = {{ACM} Press},
  author = {Lennart C.L. Kats and Eelco Visser},
  title = {The spoofax language workbench},
  booktitle = {Proceedings of the {ACM} international conference on Object oriented programming systems languages and applications - {OOPSLA} {\textquotesingle}10}
}

@incollection{Lang1974,
  doi = {10.1007/3-540-06841-4_65},
  url = {https://doi.org/10.1007/3-540-06841-4_65},
  year  = {1974},
  publisher = {Springer},
  pages = {255--269},
  author = {Bernard Lang},
  title = {Deterministic techniques for efficient non-deterministic parsers},
  booktitle = {Automata,  Languages and Programming}
}

@article{Krishnamurthi:2015:RSC:2739250.2658987,
 author = {Krishnamurthi, Shriram and Vitek, Jan},
 title = {The Real Software Crisis: Repeatability As a Core Value},
 journal = {Commun. ACM},
 issue_date = {March 2015},
 volume = {58},
 number = {3},
 month = feb,
 year = {2015},
 issn = {0001-0782},
 pages = {34--36},
 numpages = {3},
 url = {http://doi.acm.org/10.1145/2658987},
 doi = {10.1145/2658987},
 acmid = {2658987},
 publisher = {ACM},
 address = {New York, NY, USA},
}

@book{jls7,
  title={The Java\texttrademark{} Language Specification, Java SE 7 Edition},
  author={James Gosling and Bill Joy and Guy Steele and Gilad Bracha and
    Alex Buckley},
  year={2013},
  month={2},
  day={28},
  publisher={Oracle America, Inc.},
  howpublished={http://docs.oracle.com/javase/specs/},
  shorthand = {JLS7},
  sortname = {JLS7}
}

@book{jls8,
  title={The Java\texttrademark{} Language Specification, Java SE 8 Edition},
  author={Tim Lindholm and Frank Yellin and Gilad Bracha and Alex Buckley},
  year={2015},
  month={2},
  day={13},
  publisher={Oracle America, Inc.},
  howpublished={http://docs.oracle.com/javase/specs/},
  shorthand = {JLS8},
  sortname = {JLS8}
}

@inproceedings{DBLP:conf/oopsla/Steimann06,
  author    = {Friedrich Steimann},
  title     = {The paradoxical success of aspect-oriented programming},
  booktitle = {{OOPSLA}},
  pages     = {481--497},
  publisher = {{ACM}},
  year      = {2006}
}

@inproceedings{DBLP:conf/haskell/DijkstraFS09,
  author    = {Atze Dijkstra and
               Jeroen Fokker and
               S. Doaitse Swierstra},
  title     = {The architecture of the Utrecht Haskell compiler},
  booktitle = {Haskell},
  pages     = {93--104},
  publisher = {{ACM}},
  year      = {2009}
}

@inproceedings{DBLP:conf/gpce/WykS07,
  author    = {Eric Van Wyk and
               August Schwerdfeger},
  title     = {Context-aware scanning for parsing extensible languages},
  booktitle = {{GPCE}},
  pages     = {63--72},
  publisher = {{ACM}},
  year      = {2007}
}

@inproceedings{DBLP:conf/scam/WykKBJSR06,
  author    = {Eric Van Wyk and
               Lijesh Krishnan and
               Derek Bodin and
               Eric Johnson and
               August Schwerdfeger and
               Phil Russell},
  title     = {Tool Demonstration: Silver Extensible Compiler Frameworks and Modular
               Language Extensions for Java and {C}},
  booktitle = {Source Code Analysis and Manipulation},
  pages     = {161},
  publisher = {{IEEE} Computer Society},
  year      = {2006}
}

@article{DBLP:journals/scp/MartinsFSWS16,
  author    = {Pedro Martins and
               Jo{\~{a}}o Paulo Fernandes and
               Jo{\~{a}}o Saraiva and
               Eric Van Wyk and
               Anthony Sloane},
  title     = {Embedding attribute grammars and their extensions using functional
               zippers},
  journal   = {Sci. Comput. Program.},
  volume    = {132},
  pages     = {2--28},
  year      = {2016}
}

@inproceedings{DBLP:conf/gpce/CarlsonW17,
  author    = {Travis Carlson and
               Eric Van Wyk},
  title     = {Type qualifiers as composable language extensions},
  booktitle = {{GPCE}},
  pages     = {91--103},
  publisher = {{ACM}},
  year      = {2017}
}

@article{DBLP:journals/pacmpl/KaminskiKCW17,
  author    = {Ted Kaminski and
               Lucas Kramer and
               Travis Carlson and
               Eric Van Wyk},
  title     = {Reliable and automatic composition of language extensions to {C:}
               the ableC extensible language framework},
  journal   = {Proceedings of the ACM on Programming Languages},
  volume    = {1},
  number    = {{OOPSLA}},
  pages     = {98:1--98:29},
  year      = {2017}
}

@inproceedings{DBLP:conf/pppj/OqvistH13,
  author    = {Jesper {\"{O}}qvist and
               G{\"{o}}rel Hedin},
  title     = {Extending the JastAdd extensible Java compiler to Java 7},
  location = {Stuttgart, Germany},
  booktitle = {Proceedings of the 2013 International Conference on Principles and Practices of Programming on the Java Platform: Virtual Machines, Languages, and Tools},
  pages     = {147--152},
  publisher = {{ACM}},
  year      = {2013}
}

@article{DBLP:journals/jip/ZhuangC16,
  author    = {YungYu Zhuang and
               Shigeru Chiba},
  title     = {Expanding Event Systems to Support Signals by Enabling the Automation
               of Handler Bindings},
  journal   = {Journal of Information Processing},
  volume    = {24},
  number    = {4},
  pages     = {620--634},
  year      = {2016}
}

@article{DBLP:journals/scp/SoderbergEHM13,
  author    = {Emma S{\"{o}}derberg and
               Torbj{\"{o}}rn Ekman and
               G{\"{o}}rel Hedin and
               Eva Magnusson},
  title     = {Extensible intraprocedural flow analysis at the abstract syntax tree
               level},
  journal   = {Science of Computer Programming},
  publisher = {Elsevier},
  volume    = {78},
  number    = {10},
  pages     = {1809--1827},
  year      = {2013}
}

@article{DBLP:journals/entcs/Nilsson-NymanHME09,
  author    = {Emma Nilsson{-}Nyman and
               G{\"{o}}rel Hedin and
               Eva Magnusson and
               Torbj{\"{o}}rn Ekman},
  title     = {Declarative Intraprocedural Flow Analysis of Java Source Code},
  journal   = {Electr. Notes Theor. Comput. Sci.},
  volume    = {238},
  number    = {5},
  pages     = {155--171},
  year      = {2009}
}

@inproceedings{DBLP:conf/sac/DagefordeK18,
  author    = {Jan C. Dagef{\"{o}}rde and
               Herbert Kuchen},
  @ignore.editor    = {Hisham M. Haddad and
               Roger L. Wainwright and
               Richard Chbeir},
  title     = {A constraint-logic object-oriented language},
  booktitle = {Proceedings of the 33rd Annual {ACM} Symposium on Applied Computing,
               {SAC} 2018, Pau, France, April 09-13, 2018},
  pages     = {1185--1194},
  publisher = {{ACM}},
  year      = {2018},
  url       = {https://doi.org/10.1145/3167132.3167260},
  doi       = {10.1145/3167132.3167260},
  timestamp = {Wed, 21 Nov 2018 12:43:57 +0100},
  biburl    = {https://dblp.org/rec/bib/conf/sac/DagefordeK18},
  bibsource = {dblp computer science bibliography, https://dblp.org}
}

@inproceedings{saraiva1999generic,
  title={Generic attribute grammars},
  author={Joao Saraiva and Doaitse Swierstra},
  booktitle={2nd Workshop on Attribute Grammars and their Applications},
  location = {Amsterdam, The Netherlands},
  publisher = {{INRIA} Rocquencourt},
  pages={185--204},
  year={1999}
}

@book{DBLP:books/lib/HopcroftU69,
  author    = {John E. Hopcroft and
               Jeffrey D. Ullman},
  title     = {Formal languages and their relation to automata},
  series    = {Addison-Wesley series in computer science and information processing},
  publisher = {Addison-Wesley},
  year      = {1969}
}

@inproceedings{DBLP:conf/fase/Naumann05,
  author    = {David A. Naumann},
  @ignore.editor    = {Maura Cerioli},
  title     = {Observational Purity and Encapsulation},
  booktitle = {Fundamental Approaches to Software Engineering, 8th International
               Conference, {FASE} 2005, Held as Part of the Joint European Conferences
               on Theory and Practice of Software, {ETAPS} 2005, Edinburgh, UK, April
               4-8, 2005, Proceedings},
  series    = {Lecture Notes in Computer Science},
  volume    = {3442},
  pages     = {190--204},
  publisher = {Springer},
  year      = {2005},
  url       = {http://dx.doi.org/10.1007/978-3-540-31984-9_15},
  doi       = {10.1007/978-3-540-31984-9_15},
  timestamp = {Thu, 28 May 2015 17:23:23 +0200},
  biburl    = {http://dblp.dagstuhl.de/rec/bib/conf/fase/Naumann05},
  bibsource = {dblp computer science bibliography, http://dblp.org}
}

@inproceedings{DBLP:conf/cc/Baum92,
  author    = {Beate Baum},
  title     = {Another Kind of Modular Attribute Grammars},
  booktitle = {{CC}},
  series    = {Lecture Notes in Computer Science},
  volume    = {641},
  pages     = {44--50},
  publisher = {Springer},
  year      = {1992}
}

@article{DBLP:journals/acta/KastensW94,
  author    = {Uwe Kastens and
               William M. Waite},
  title     = {Modularity and Reusability in Attribute Grammars},
  journal   = {Acta Inf.},
  volume    = {31},
  number    = {7},
  pages     = {601--627},
  year      = {1994}
}

@article{DBLP:journals/cacm/Parnas72a,
  author    = {David Lorge Parnas},
  title     = {On the Criteria To Be Used in Decomposing Systems into Modules},
  journal   = {Commun. {ACM}},
  volume    = {15},
  number    = {12},
  pages     = {1053--1058},
  year      = {1972}
}

@inproceedings{DBLP:conf/popl/FarrowMY92,
  author    = {Rodney Farrow and
               Thomas J. Marlowe and
               Daniel M. Yellin},
  title     = {Composable Attribute Grammars: Support for Modularity in Translator
               Design and Implementation},
  booktitle = {{POPL}},
  pages     = {223--234},
  publisher = {{ACM} Press},
  year      = {1992}
}

@article{DBLP:journals/cj/DueckC90,
  author    = {G. D. P. Dueck and
               Gordon V. Cormack},
  title     = {Modular Attribute Grammars},
  journal   = {Comput. J.},
  volume    = {33},
  number    = {2},
  pages     = {164--172},
  year      = {1990}
}

@inproceedings{DBLP:conf/cc/WykMBK02,
  author    = {Eric Van Wyk and
               Oege de Moor and
               Kevin Backhouse and
               Paul Kwiatkowski},
  title     = {Forwarding in Attribute Grammars for Modular Language Design},
  booktitle = {{CC}},
  series    = {Lecture Notes in Computer Science},
  volume    = {2304},
  pages     = {128--142},
  publisher = {Springer},
  year      = {2002}
}

@article{DBLP:journals/acta/TurnbullL79,
  author    = {C. J. M. Turnbull and
               E. S. Lee},
  title     = {Generalized Deterministic Left To Right Parsing},
  journal   = {Acta Inf.},
  volume    = {12},
  pages     = {187--207},
  year      = {1979}
}

@online{cveorg,
  title = {Common Vulnerabilities and Exposures},
  year = {2018},
  month = {11},
  day = {13},
  url = {http://cve.mitre.org/about/},
  lastaccessed = {2018-11-13},
  shorthand = {CVE},
  sortname = {CVE}
}

@misc{moller2018static,
  title={Static program analysis},
  author={M{\o}ller, Anders and Schwartzbach, Michael I},
  year={2018},
  publisher={Department of Computer Science, Aarhus University, Denmark},
  howpublished={\url{http://users-cs.au.dk/amoeller/spa/}}
}

@article{turing1937computable,
  title={On computable numbers, with an application to the Entscheidungsproblem},
  author={Turing, Alan M},
  journal={Proceedings of the London mathematical society},
  volume={2},
  number={1},
  pages={230--265},
  year={1937},
  publisher={Wiley Online Library}
}

@inproceedings{DBLP:conf/spin/MaliW11,
  author    = {Yogesh Mali and
               Eric Van Wyk},
  @ignore.editor    = {Alex Groce and
               Madanlal Musuvathi},
  title     = {Building Extensible Specifications and Implementations of Promela
               with AbleP},
  booktitle = {Model Checking Software - 18th International {SPIN} Workshop, Snowbird,
               UT, USA, July 14-15, 2011. Proceedings},
  series    = {Lecture Notes in Computer Science},
  volume    = {6823},
  pages     = {108--125},
  publisher = {Springer},
  year      = {2011},
  url       = {https://doi.org/10.1007/978-3-642-22306-8\_8},
  doi       = {10.1007/978-3-642-22306-8\_8},
  timestamp = {Wed, 17 May 2017 14:24:39 +0200},
  biburl    = {https://dblp.org/rec/bib/conf/spin/MaliW11},
  bibsource = {dblp computer science bibliography, https://dblp.org}
}

@inproceedings{DBLP:conf/aosd/ForsCH15,
  author    = {Niklas Fors and
               Gustav Cedersj{\"{o}} and
               G{\"{o}}rel Hedin},
  title     = {JavaRAG: a Java library for reference attribute grammars},
  booktitle = {{MODULARITY}},
  pages     = {55--67},
  publisher = {{ACM}},
  year      = {2015}
}

@inproceedings{DBLP:conf/gttse/Sloane09,
  author    = {Anthony M. Sloane},
  title     = {Lightweight Language Processing in Kiama},
  booktitle = {{GTTSE}},
  series    = {Lecture Notes in Computer Science},
  volume    = {6491},
  pages     = {408--425},
  publisher = {Springer},
  year      = {2009}
}

@inproceedings{DBLP:conf/sle/Burger15,
  author    = {Christoff B{\"{u}}rger},
  title     = {Reference attribute grammar controlled graph rewriting: motivation
               and overview},
  booktitle = {Proceedings of the 2015 ACM SIGPLAN International Conference on Software Language Engineering},
  series    = {SLE 2015},
  pages     = {89--100},
  publisher = {{ACM}},
  year      = {2015}
}

@article{DBLP:journals/scp/WykBGK10,
  author    = {Eric Van Wyk and
               Derek Bodin and
               Jimin Gao and
               Lijesh Krishnan},
  title     = {Silver: An extensible attribute grammar system},
  journal   = {Sci. Comput. Program.},
  volume    = {75},
  number    = {1-2},
  pages     = {39--54},
  year      = {2010}
}

@book{DBLP:books/daglib/0005958,
  author    = {Benjamin C. Pierce},
  title     = {Types and programming languages},
  publisher = {{MIT} Press},
  year      = {2002}
}

@inproceedings{Buckley:2017:FPR:3136014.3136024,
 author = {Buckley, Scott J. H. and Sloane, Anthony M.},
 title = {A Formalisation of Parameterised Reference Attribute Grammars},
 booktitle = {Proceedings of the 10th ACM SIGPLAN International Conference on Software Language Engineering},
 series = {SLE 2017},
 year = {2017},
 isbn = {978-1-4503-5525-4},
 location = {Vancouver, BC, Canada},
 pages = {139--150},
 numpages = {12},
 url = {http://doi.acm.org/10.1145/3136014.3136024},
 doi = {10.1145/3136014.3136024},
 acmid = {3136024},
 publisher = {ACM},
 address = {New York, NY, USA},
 keywords = {attribute grammars, name analysis, small-step operational semantics},
} 

@phdthesis{DBLP:phd/basesearch/Bransen15,
  author    = {Jeroen Bransen},
  title     = {On the Incremental Evaluation of Higher-Order Attribute Grammars},
  school    = {Utrecht University, Netherlands},
  year      = {2015},
  url       = {http://dspace.library.uu.nl:8080/handle/1874/313166},
  timestamp = {Thu, 11 May 2017 17:04:55 +0200},
  biburl    = {https://dblp.org/rec/bib/phd/basesearch/Bransen15},
  bibsource = {dblp computer science bibliography, https://dblp.org}
}

@book{duvall2007continuous,
  title={Continuous integration: improving software quality and reducing risk},
  author={Duvall, Paul M and Matyas, Steve and Glover, Andrew},
  year={2007},
  publisher={Pearson Education}
}

@inproceedings{DBLP:conf/nfm/CalcagnoDDGHLOP15,
  author    = {Cristiano Calcagno and
               Dino Distefano and
               J{\'{e}}r{\'{e}}my Dubreil and
               Dominik Gabi and
               Pieter Hooimeijer and
               Martino Luca and
               Peter W. O'Hearn and
               Irene Papakonstantinou and
               Jim Purbrick and
               Dulma Rodriguez},
  title     = {Moving Fast with Software Verification},
  booktitle = {{NFM}},
  series    = {Lecture Notes in Computer Science},
  volume    = {9058},
  pages     = {3--11},
  publisher = {Springer},
  year      = {2015}
}

@article{Roy:2009:CEC:1530898.1531101,
 author = {Roy, Chanchal K. and Cordy, James R. and Koschke, Rainer},
 title = {Comparison and Evaluation of Code Clone Detection Techniques and Tools: A Qualitative Approach},
 journal = {Sci. Comput. Program.},
 issue_date = {May, 2009},
 volume = {74},
 number = {7},
 month = may,
 year = {2009},
 issn = {0167-6423},
 pages = {470--495},
 numpages = {26},
 url = {http://dx.doi.org/10.1016/j.scico.2009.02.007},
 doi = {10.1016/j.scico.2009.02.007},
 acmid = {1531101},
 publisher = {Elsevier North-Holland, Inc.},
 address = {Amsterdam, The Netherlands, The Netherlands},
 keywords = {Clone detection, Comparison, Scenario-based evaluation, Software clone},
} 

@inproceedings{DBLP:conf/kbse/NarasimhanR15,
  author    = {Krishna Narasimhan and
               Christoph Reichenbach},
  @ignore.editor    = {Myra B. Cohen and
               Lars Grunske and
               Michael Whalen},
  title     = {Copy and Paste Redeemed},
  booktitle = {30th {IEEE/ACM} International Conference on Automated Software Engineering,
               {ASE} 2015, Lincoln, NE, USA, November 9-13, 2015},
  pages     = {630--640},
  publisher = {{IEEE} Computer Society},
  year      = {2015},
  url       = {https://doi.org/10.1109/ASE.2015.39},
  doi       = {10.1109/ASE.2015.39},
  timestamp = {Tue, 23 May 2017 01:06:51 +0200},
  biburl    = {https://dblp.org/rec/bib/conf/kbse/NarasimhanR15},
  bibsource = {dblp computer science bibliography, https://dblp.org}
}

@inproceedings{DBLP:conf/scam/AftandilianSPK12,
  author    = {Edward Aftandilian and
               Raluca Sauciuc and
               Siddharth Priya and
               Sundaresan Krishnan},
  title     = {Building Useful Program Analysis Tools Using an Extensible Java Compiler},
  booktitle = {Source Code Analysis and Manipulation},
  pages     = {14--23},
  publisher = {{IEEE} Computer Society},
  year      = {2012}
}

@InProceedings{DaCapo:paper,
  title={The {DaCapo} Benchmarks: {J}ava Benchmarking Development and Analysis},
  author={Blackburn, S. M. and Garner, R. and Hoffman, C. and Khan, A. M.
      and McKinley, K. S. and Bentzur, R. and Diwan, A. and Feinberg, D. 
      and Frampton, D. and Guyer, S. Z. and Hirzel, M. and Hosking, A.
      and Jump, M. and Lee, H. and Moss, J. E. B. and Phansalkar, A.
      and Stefanovi\'{c}, D. and {VanDrunen}, T. and von~Dincklage, D.
      and Wiedermann, B.},
  booktitle = {OOPSLA '06: Proceedings of the 21st annual ACM SIGPLAN conference on Object-Oriented Programing, Systems, Languages, and Applications},
  month = oct,
  year = {2006},
  pages = {169--190},
  location = {Portland, OR, USA},
  doi = {http://doi.acm.org/10.1145/1167473.1167488},
  publisher = {ACM Press},
  address = {New York, NY, USA},
}


@inproceedings{QualitasCorpus:APSEC:2010,
  author = {Tempero, Ewan and Anslow, Craig and Dietrich, Jens and Han, Ted and Li, Jing and Lumpe, Markus and Melton, Hayden and Noble, James},
  title = {Qualitas Corpus: A Curated Collection of Java Code for Empirical Studies},
  booktitle = {2010 Asia Pacific Software Engineering Conference (APSEC2010)},
  pages = {336--345},
  month = dec,
  year = {2010},
  doi = {http://dx.doi.org/10.1109/APSEC.2010.46}
}

@book{martin2002agile,
  title={Agile software development: principles, patterns, and practices},
  author={Martin, Robert C},
  year={2002},
  publisher={Prentice Hall}
}

@inproceedings{Binkley:2007:SCA:1253532.1254713,
 author = {Binkley, David},
 title = {Source Code Analysis: A Road Map},
 booktitle = {2007 Future of Software Engineering},
 series = {FOSE '07},
 year = {2007},
 isbn = {0-7695-2829-5},
 pages = {104--119},
 numpages = {16},
 url = {https://doi.org/10.1109/FOSE.2007.27},
 doi = {10.1109/FOSE.2007.27},
 acmid = {1254713},
 publisher = {IEEE Computer Society},
 address = {Washington, DC, USA},
}

@article{DBLP:journals/spe/PawlakMPNS16,
  author    = {Renaud Pawlak and
               Martin Monperrus and
               Nicolas Petitprez and
               Carlos Noguera and
               Lionel Seinturier},
  title     = {{SPOON:} {A} library for implementing analyses and transformations
               of Java source code},
  journal   = {Software: Practice and Experience},
  volume    = {46},
  number    = {9},
  pages     = {1155--1179},
  year      = {2016},
  url       = {https://doi.org/10.1002/spe.2346},
  doi       = {10.1002/spe.2346},
  timestamp = {Wed, 14 Nov 2018 10:50:16 +0100},
  biburl    = {https://dblp.org/rec/bib/journals/spe/PawlakMPNS16},
  bibsource = {dblp computer science bibliography, https://dblp.org}
}

@article{DBLP:journals/mst/Knuth68,
  author    = {Donald E. Knuth},
  title     = {Semantics of Context-Free Languages},
  journal   = {Mathematical Systems Theory},
  volume    = {2},
  number    = {2},
  pages     = {127--145},
  year      = {1968},
  url       = {http://dx.doi.org/10.1007/BF01692511},
  doi       = {10.1007/BF01692511},
  timestamp = {Tue, 23 Oct 2012 13:23:14 +0200},
  biburl    = {http://dblp.dagstuhl.de/rec/bib/journals/mst/Knuth68},
  bibsource = {dblp computer science bibliography, http://dblp.org}
}

@inproceedings{DBLP:conf/pci/GeorgiouKS17,
  author    = {Stefanos Georgiou and
               Maria Kechagia and
               Diomidis Spinellis},
  @ignore.editor    = {Vasileios Vlachos and
               Ilias K. Savvas and
               Cleo Sgouropoulou and
               Vassilis P. Plagianakos and
               Christos Douligeris and
               Ioannis Voyiatzis and
               Vassilis Tampakas and
               George Soultis},
  title     = {Analyzing Programming Languages' Energy Consumption: An Empirical
               Study},
  booktitle = {Proceedings of the 21st Pan-Hellenic Conference on Informatics, Larissa,
               Greece, September 28-30, 2017},
  pages     = {42:1--42:6},
  publisher = {{ACM}},
  year      = {2017},
  url       = {http://doi.acm.org/10.1145/3139367.3139418},
  doi       = {10.1145/3139367.3139418},
  timestamp = {Thu, 07 Dec 2017 14:58:22 +0100},
  biburl    = {http://dblp.org/rec/bib/conf/pci/GeorgiouKS17},
  bibsource = {dblp computer science bibliography, http://dblp.org}
}

@inproceedings{DBLP:conf/sigsoft/RayPFD14,
  author    = {Baishakhi Ray and
               Daryl Posnett and
               Vladimir Filkov and
               Premkumar T. Devanbu},
  @ignore.editor    = {Shing{-}Chi Cheung and
               Alessandro Orso and
               Margaret{-}Anne D. Storey},
  title     = {A large scale study of programming languages and code quality in github},
  booktitle = {Proceedings of the 22nd {ACM} {SIGSOFT} International Symposium on
               Foundations of Software Engineering, (FSE-22), Hong Kong, China, November
               16 - 22, 2014},
  pages     = {155--165},
  publisher = {{ACM}},
  year      = {2014},
  url       = {http://doi.acm.org/10.1145/2635868.2635922},
  doi       = {10.1145/2635868.2635922},
  timestamp = {Fri, 07 Nov 2014 13:02:02 +0100},
  biburl    = {http://dblp.org/rec/bib/conf/sigsoft/RayPFD14},
  bibsource = {dblp computer science bibliography, http://dblp.org}
}

@inproceedings{DBLP:conf/aosd/AvgustinovET08,
  author    = {Pavel Avgustinov and
               Torbj{\"{o}}rn Ekman and
               Julian Tibble},
  @ignore.editor    = {Theo D'Hondt},
  title     = {Modularity first: a case for mixing {AOP} and attribute grammars},
  booktitle = {Proceedings of the 7th International Conference on Aspect-Oriented
               Software Development ({AOSD} 2008)},
  pages     = {25--35},
  publisher = {{ACM}},
  year      = {2008},
  url       = {http://doi.acm.org/10.1145/1353482.1353486},
  doi       = {10.1145/1353482.1353486},
  timestamp = {Mon, 13 Nov 2017 16:57:23 +0100},
  biburl    = {http://dblp.org/rec/bib/conf/aosd/AvgustinovET08},
  bibsource = {dblp computer science bibliography, http://dblp.org}
}

@inproceedings{DBLP:conf/sle/KaminskiW17,
  author    = {Ted Kaminski and
               Eric Van Wyk},
  @ignore.editor    = {Beno{\^{\i}}t Combemale and
               Marjan Mernik and
               Bernhard Rumpe},
  title     = {Ensuring non-interference of composable language extensions},
  booktitle = {Proceedings of the 10th {ACM} {SIGPLAN} International Conference on
               Software Language Engineering, {SLE} 2017, Vancouver, BC, Canada,
               October 23-24, 2017},
  pages     = {163--174},
  publisher = {{ACM}},
  year      = {2017},
  url       = {http://doi.acm.org/10.1145/3136014.3136023},
  doi       = {10.1145/3136014.3136023},
  timestamp = {Fri, 20 Oct 2017 14:20:09 +0200},
  biburl    = {http://dblp.org/rec/bib/conf/sle/KaminskiW17},
  bibsource = {dblp computer science bibliography, http://dblp.org}
}

@article{DBLP:journals/jot/SteimannOH14,
  author    = {Friedrich Steimann and
               Jesper {\"{O}}qvist and
               G{\"{o}}rel Hedin},
  title     = {Multitudes of Objects: First Implementation and Case Study for Java},
  journal   = {Journal of Object Technology},
  volume    = {13},
  number    = {5},
  pages     = {1:1--33},
  year      = {2014},
  url       = {https://doi.org/10.5381/jot.2014.13.5.a1},
  doi       = {10.5381/jot.2014.13.5.a1},
  timestamp = {Tue, 06 Jun 2017 22:27:11 +0200},
  biburl    = {http://dblp.org/rec/bib/journals/jot/SteimannOH14},
  bibsource = {dblp computer science bibliography, http://dblp.org}
}

@book{DBLP:books/daglib/0067581,
  author    = {Nigel P. Chapman},
  title     = {{LR} parsing - theory and practice},
  publisher = {Cambridge University Press},
  year      = {1987},
  isbn      = {978-0-521-30413-9},
  timestamp = {Tue, 12 Apr 2011 15:08:30 +0200},
  biburl    = {http://dblp.org/rec/bib/books/daglib/0067581},
  bibsource = {dblp computer science bibliography, http://dblp.org}
}

@article{DBLP:journals/acta/Knuth71a,
  author    = {Donald E. Knuth},
  title     = {Top-Down Syntax Analysis},
  journal   = {Acta Inf.},
  volume    = {1},
  pages     = {79--110},
  year      = {1971},
  url       = {https://doi.org/10.1007/BF00289517},
  doi       = {10.1007/BF00289517},
  timestamp = {Sun, 28 May 2017 13:22:46 +0200},
  biburl    = {http://dblp.org/rec/bib/journals/acta/Knuth71a},
  bibsource = {dblp computer science bibliography, http://dblp.org}
}

@inproceedings{jastaddj,
  author    = {Torbj{\"{o}}rn Ekman and
               G{\"{o}}rel Hedin},
  @ignore.editor    = {Richard P. Gabriel and
               David F. Bacon and
               Cristina Videira Lopes and
               Guy L. Steele Jr.},
  title     = {The jastadd extensible java compiler},
  booktitle = {Proceedings of the 22nd Annual {ACM} {SIGPLAN} Conference on Object-Oriented
               Programming, Systems, Languages, and Applications, {OOPSLA} 2007,
               October 21-25, 2007, Montreal, Quebec, Canada},
  pages     = {1--18},
  publisher = {{ACM}},
  year      = {2007},
  url       = {https://doi.org/10.1145/1297027.1297029},
  doi       = {10.1145/1297027.1297029},
  timestamp = {Tue, 06 Nov 2018 16:57:15 +0100},
  biburl    = {https://dblp.org/rec/bib/conf/oopsla/EkmanH07},
  bibsource = {dblp computer science bibliography, https://dblp.org}
}

@article{DBLP:journals/jot/EkmanH07,
  author    = {Torbj{\"{o}}rn Ekman and
               G{\"{o}}rel Hedin},
  title     = {Pluggable checking and inferencing of nonnull types for Java},
  journal   = {Journal of Object Technology},
  volume    = {6},
  number    = {9},
  pages     = {455--475},
  year      = {2007},
  url       = {https://doi.org/10.5381/jot.2007.6.9.a23},
  doi       = {10.5381/jot.2007.6.9.a23},
  timestamp = {Mon, 13 Nov 2017 16:57:24 +0100},
  biburl    = {http://dblp.org/rec/bib/journals/jot/EkmanH07},
  bibsource = {dblp computer science bibliography, http://dblp.org}
}

@inproceedings{DBLP:conf/pppj/OqvistHM16,
  author    = {Jesper {\"{O}}qvist and
               G{\"{o}}rel Hedin and
               Boris Magnusson},
  @ignore.editor    = {Walter Binder and
               Petr Tuma},
  title     = {Extraction-Based Regression Test Selection},
  location  = {Lugano, Switzerland},
  booktitle = {Proceedings of the 13th International Conference on Principles and
               Practices of Programming on the Java Platform: Virtual Machines, Languages,
               and Tools},
  pages     = {5:1--5:10},
  publisher = {{ACM}},
  year      = {2016},
  url       = {http://doi.acm.org/10.1145/2972206.2972224},
  doi       = {10.1145/2972206.2972224},
  timestamp = {Mon, 14 Aug 2017 07:03:55 +0200},
  biburl    = {http://dblp.org/rec/bib/conf/pppj/OqvistHM16},
  bibsource = {dblp computer science bibliography, http://dblp.org}
}

@inproceedings{DBLP:conf/cc/NystromCM03,
  author    = {Nathaniel Nystrom and
               Michael R. Clarkson and
               Andrew C. Myers},
  @ignore.editor    = {G{\"{o}}rel Hedin},
  title     = {Polyglot: An Extensible Compiler Framework for Java},
  booktitle = {Compiler Construction, 12th International Conference, {CC} 2003, Held
               as Part of the Joint European Conferences on Theory and Practice of
               Software, {ETAPS} 2003, Warsaw, Poland, April 7-11, 2003, Proceedings},
  series    = {Lecture Notes in Computer Science},
  volume    = {2622},
  pages     = {138--152},
  publisher = {Springer},
  year      = {2003},
  url       = {https://doi.org/10.1007/3-540-36579-6_11},
  doi       = {10.1007/3-540-36579-6_11},
  timestamp = {Mon, 29 May 2017 16:53:44 +0200},
  biburl    = {http://dblp.org/rec/bib/conf/cc/NystromCM03},
  bibsource = {dblp computer science bibliography, http://dblp.org}
}

@book{gamma95patterns,
  author    = {Erich Gamma and
               Richard Helm and
               Ralph Johnson and
               John Vlissides},
  title     = {Design Patterns: Elements of Reusable Object-Oriented Software},
  publisher = {Addison Wesley},
  year      = {1994}
}

@MastersThesis{Lattner:MSThesis02,
  author  = {Chris Lattner},
  title   = "{LLVM: An Infrastructure for Multi-Stage Optimization}",
  school  = "{Computer Science Dept., University of Illinois at Urbana-Champaign}",
  year    = {2002},
  address = {Urbana, IL},
  month   = {12},
  note    = {{\em See {\tt http://llvm.cs.uiuc.edu}.}}
}

@Misc{expressionproblem,
  author  = {Philip Wadler},
  title   = {The Expression Problem},
  howpublished = {Posted on the Java Genericity mailing list},
  year    = {1998}
}

@inproceedings{DBLP:conf/pldi/VogtSK89,
  author    = {Harald Vogt and
               S. Doaitse Swierstra and
               Matthijs F. Kuiper},
  @ignore.editor    = {Richard L. Wexelblat},
  title     = {Higher-Order Attribute Grammars},
  booktitle = {PLDI '89},
  @OPTbooktitle = {Proceedings of the {ACM} SIGPLAN'89 Conference on Programming Language
               Design and Implementation (PLDI), Portland, Oregon, USA, June 21-23,
               1989},
  pages     = {131--145},
  publisher = {{ACM}},
  year      = {1989},
  @OTPurl       = {http://doi.acm.org/10.1145/73141.74830},
  @OTPdoi       = {10.1145/73141.74830},
  timestamp = {Mon, 21 May 2012 16:19:53 +0200},
  biburl    = {http://dblp.dagstuhl.de/rec/bib/conf/pldi/VogtSK89},
  bibsource = {dblp computer science bibliography, http://dblp.org},
  address = {Portland, Oregon, USA}
}

@article{DBLP:journals/informaticaSI/Hedin00,
  author    = {G{\"{o}}rel Hedin},
  title     = {Reference Attributed Grammars},
  journal   = {Informatica (Slovenia)},
  volume    = {24},
  number    = {3},
  year      = {2000},
  timestamp = {Mon, 15 Feb 2016 15:01:43 +0100},
  biburl    = {http://dblp.dagstuhl.de/rec/bib/journals/informaticaSI/Hedin00},
  bibsource = {dblp computer science bibliography, http://dblp.org},
  pages = {301--317}
}

@inproceedings{Oqvist:2017:CCR:3136014.3136032,
  author = {\"{O}qvist, Jesper and Hedin, G\"{o}rel},
  title = {Concurrent Circular Reference Attribute Grammars},
  booktitle = {Proceedings of the 10th ACM SIGPLAN International Conference on Software Language Engineering},
  series = {SLE 2017},
  year = {2017},
  isbn = {978-1-4503-5525-4},
  location = {Vancouver, BC, Canada},
  pages = {151--162},
  numpages = {12},
  url = {http://doi.acm.org/10.1145/3136014.3136032},
  doi = {10.1145/3136014.3136032},
  acmid = {3136032},
  publisher = {ACM},
  address = {New York, NY, USA},
  keywords = {Circular Attributes, Concurrency, Memoization, Parallelization, Reference Attribute Grammars},
}

@inproceedings{DBLP:conf/scam/MagnussonEH07,
  author    = {Eva Magnusson and
               Torbj{\"{o}}rn Ekman and
               G{\"{o}}rel Hedin},
  title     = {Extending Attribute Grammars with Collection Attributes--Evaluation
               and Applications},
  booktitle = {Seventh {IEEE} International Workshop on Source Code Analysis and
               Manipulation {(Source Code Analysis and Manipulation} 2007), September 30 - October 1, 2007, Paris,
               France},
  pages     = {69--80},
  publisher = {{IEEE} Computer Society},
  year      = {2007},
  url       = {http://dx.doi.org/10.1109/SCAM.2007.13},
  doi       = {10.1109/SCAM.2007.13},
  timestamp = {Wed, 15 Apr 2015 18:38:13 +0200},
  biburl    = {http://dblp.dagstuhl.de/rec/bib/conf/scam/MagnussonEH07},
  bibsource = {dblp computer science bibliography, http://dblp.org}
}

@article{DBLP:journals/scp/MagnussonH07,
  author    = {Eva Magnusson and
               G{\"{o}}rel Hedin},
  title     = {Circular reference attributed grammars - their evaluation and applications},
  journal   = {Sci. Comput. Program.},
  volume    = {68},
  number    = {1},
  pages     = {21--37},
  year      = {2007},
  url       = {https://doi.org/10.1016/j.scico.2005.06.005},
  doi       = {10.1016/j.scico.2005.06.005},
  timestamp = {Sat, 27 May 2017 14:22:55 +0200},
  biburl    = {http://dblp.uni-trier.de/rec/bib/journals/scp/MagnussonH07},
  bibsource = {dblp computer science bibliography, http://dblp.org}
}

@article{DBLP:journals/scp/CunhaV11,
  author    = {Alcino Cunha and
               Joost Visser},
  title     = {Transformation of structure-shy programs with application to XPath
               queries and strategic functions},
  journal   = {Sci. Comput. Program.},
  volume    = {76},
  number    = {6},
  pages     = {516--539},
  year      = {2011},
  url       = {https://doi.org/10.1016/j.scico.2010.01.003},
  doi       = {10.1016/j.scico.2010.01.003},
  timestamp = {Thu, 08 Jun 2017 08:59:11 +0200},
  biburl    = {http://dblp.org/rec/bib/journals/scp/CunhaV11},
  bibsource = {dblp computer science bibliography, http://dblp.org}
}

@online{extendjorg,
  title = {ExtendJ Website},
  year = {2018},
  month = {feb},
  day = {7},
  url = {https://extendj.org},
  lastaccessed = {2018-02-07},
  shorthand = {ExJorg},
  sortname = {ExJorg}
}

@inproceedings{DBLP:conf/sle/SoderbergH10,
  author    = {Emma S{\"{o}}derberg and
               G{\"{o}}rel Hedin},
  @ignore.editor    = {Brian A. Malloy and
               Steffen Staab and
               Mark van den Brand},
  title     = {Automated Selective Caching for Reference Attribute Grammars},
  booktitle = {Software Language Engineering - Third International Conference, {SLE}
               2010},
  series    = {Lecture Notes in Computer Science},
  volume    = {6563},
  pages     = {2--21},
  publisher = {Springer},
  year      = {2010},
  url       = {https://doi.org/10.1007/978-3-642-19440-5_2},
  doi       = {10.1007/978-3-642-19440-5_2},
  timestamp = {Tue, 23 May 2017 01:10:43 +0200},
  biburl    = {http://dblp.org/rec/bib/conf/sle/SoderbergH10},
  bibsource = {dblp computer science bibliography, http://dblp.org}
}

@inproceedings{DBLP:conf/oopsla/GeorgesBE07,
  author    = {Andy Georges and
               Dries Buytaert and
               Lieven Eeckhout},
  @ignore.editor    = {Richard P. Gabriel and
               David F. Bacon and
               Cristina Videira Lopes and
               Guy L. Steele Jr.},
  title     = {Statistically rigorous java performance evaluation},
  booktitle = {Proceedings of the 22nd Annual {ACM} {SIGPLAN} Conference on Object-Oriented
               Programming, Systems, Languages, and Applications, {OOPSLA} 2007,
               October 21-25, 2007, Montreal, Quebec, Canada},
  pages     = {57--76},
  publisher = {{ACM}},
  year      = {2007},
  url       = {http://doi.acm.org/10.1145/1297027.1297033},
  doi       = {10.1145/1297027.1297033},
  timestamp = {Mon, 05 Jun 2017 12:41:31 +0200},
  biburl    = {http://dblp.org/rec/bib/conf/oopsla/GeorgesBE07},
  bibsource = {dblp computer science bibliography, http://dblp.org}
}

@book{zobel2004writing,
  title={Writing for computer science},
  author={Justin Zobel},
  edition={3},
  year={2014},
  publisher={Springer}
}

@article{DBLP:journals/cce/AkessonAGBT10,
  author    = {Johan {\AA}kesson and
               Karl{-}Erik {\AA}rz{\'{e}}n and
               Magnus G{\"{a}}fvert and
               Tove Bergdahl and
               Hubertus Tummescheit},
  title     = {Modeling and optimization with Optimica and JModelica.org - Languages
               and tools for solving large-scale dynamic optimization problems},
  journal   = {Computers {\&} Chemical Engineering},
  volume    = {34},
  number    = {11},
  pages     = {1737--1749},
  year      = {2010},
  url       = {http://dx.doi.org/10.1016/j.compchemeng.2009.11.011},
  doi       = {10.1016/j.compchemeng.2009.11.011},
  timestamp = {Wed, 12 Mar 2014 19:34:33 +0100},
  biburl    = {http://dblp.dagstuhl.de/rec/bib/journals/cce/AkessonAGBT10},
  bibsource = {dblp computer science bibliography, http://dblp.org}
}

@inproceedings{DBLP:conf/sigplan/Farrow86,
  author    = {Rodney Farrow},
  @ignore.editor    = {Richard L. Wexelblat},
  title     = {Automatic generation of fixed-point-finding evaluators for circular,
               but well-defined, attribute grammars},
  booktitle = {Proceedings of the 1986 {SIGPLAN} Symposium on Compiler Construction},
  @camera.booktitle = {Proceedings of the 1986 {SIGPLAN} Symposium on Compiler Construction,
               Palo Alto, California, USA, June 25-27, 1986},
  pages     = {85--98},
  publisher = {{ACM}},
  year      = {1986},
  url       = {http://doi.acm.org/10.1145/12276.13320},
  doi       = {10.1145/12276.13320},
  timestamp = {Mon, 21 May 2012 16:19:48 +0200},
  biburl    = {http://dblp.dagstuhl.de/rec/bib/conf/sigplan/Farrow86},
  bibsource = {dblp computer science bibliography, http://dblp.org},
  address = {Palo Alto, CA, USA}
}

@article{DBLP:journals/toplas/Jones90,
  author    = {Larry G. Jones},
  title     = {Efficient Evaluation of Circular Attribute Grammars},
  journal   = {{ACM} Trans. Program. Lang. Syst.},
  volume    = {12},
  number    = {3},
  pages     = {429--462},
  year      = {1990},
  url       = {http://doi.acm.org/10.1145/78969.78971},
  doi       = {10.1145/78969.78971},
  timestamp = {Mon, 03 Apr 2006 11:19:30 +0200},
  biburl    = {http://dblp.dagstuhl.de/rec/bib/journals/toplas/Jones90},
  bibsource = {dblp computer science bibliography, http://dblp.org}
}

@article{DBLP:journals/jacm/Boyland05,
  author    = {John Tang Boyland},
  title     = {Remote attribute grammars},
  journal   = {J. {ACM}},
  volume    = {52},
  number    = {4},
  pages     = {627--687},
  year      = {2005},
  url       = {http://doi.acm.org/10.1145/1082036.1082042},
  doi       = {10.1145/1082036.1082042},
  timestamp = {Fri, 10 Feb 2006 12:46:46 +0100},
  biburl    = {http://dblp.dagstuhl.de/rec/bib/journals/jacm/Boyland05},
  bibsource = {dblp computer science bibliography, http://dblp.org}
}

@article{DBLP:journals/ase/MagnussonEH09,
  author    = {Eva Magnusson and
               Torbj{\"{o}}rn Ekman and
               G{\"{o}}rel Hedin},
  title     = {Demand-driven evaluation of collection attributes},
  journal   = {Autom. Softw. Eng.},
  volume    = {16},
  number    = {2},
  pages     = {291--322},
  year      = {2009},
  @camera.url       = {https://doi.org/10.1007/s10515-009-0046-z},
  @camera.doi       = {10.1007/s10515-009-0046-z},
  timestamp = {Thu, 18 May 2017 09:53:06 +0200},
  biburl    = {http://dblp.uni-trier.de/rec/bib/journals/ase/MagnussonEH09},
  bibsource = {dblp computer science bibliography, http://dblp.org}
}

@article{DBLP:journals/programming/KaminaA18,
  author    = {Tetsuo Kamina and
               Tomoyuki Aotani},
  title     = {Harmonizing Signals and Events with a Lightweight Extension to Java},
  journal   = {Programming Journal},
  volume    = {2},
  number    = {3},
  pages     = {5},
  year      = {2018},
  url       = {https://doi.org/10.22152/programming-journal.org/2018/2/5},
  doi       = {10.22152/programming-journal.org/2018/2/5},
  timestamp = {Fri, 11 May 2018 13:17:05 +0200},
  biburl    = {https://dblp.org/rec/bib/journals/programming/KaminaA18},
  bibsource = {dblp computer science bibliography, https://dblp.org}
}

@inproceedings{DBLP:conf/vissoft/AzadmaneshH17,
  author    = {Mohammad Reza Azadmanesh and
               Matthias Hauswirth},
  title     = {Concept-Driven Generation of Intuitive Explanations of Program Execution
               for a Visual Tutor},
  booktitle = {{VISSOFT}},
  pages     = {64--73},
  publisher = {{IEEE}},
  year      = {2017}
}

@article{DBLP:journals/toplas/Ryu16,
  author    = {Sukyoung Ryu},
  title     = {ThisType for Object-Oriented Languages: From Theory to Practice},
  journal   = {{ACM} Trans. Program. Lang. Syst.},
  volume    = {38},
  number    = {3},
  pages     = {8:1--8:66},
  year      = {2016}
}

@inproceedings{DBLP:conf/oopsla/SteimannHU16,
  author    = {Friedrich Steimann and
               J{\"{o}}rg Hagemann and
               Bastian Ulke},
  title     = {Computing repair alternatives for malformed programs using constraint
               attribute grammars},
  booktitle = {{OOPSLA}},
  pages     = {711--730},
  publisher = {{ACM}},
  year      = {2016}
}

@conference{filman2000aspect,
  title={Aspect-oriented programming is quantification and obliviousness},
  author={Filman, Robert E and Friedman, Daniel P},
  booktitle={In Workshop on the Foundations of Aspect-Oriented Languages ({FOAL}) at {AOSD}},
  year={2000}
}

@article{DBLP:journals/cacm/BackusBGKMPRSVWWW60,
  author    = {John W. Backus and
               Friedrich L. Bauer and
               Julien Green and
               C. Katz and
               John McCarthy and
               Alan J. Perlis and
               Heinz Rutishauser and
               Klaus Samelson and
               Bernard Vauquois and
               Joseph Henry Wegstein and
               Adriaan van Wijngaarden and
               Michael Woodger},
  title     = {Report on the algorithmic language {ALGOL} 60},
  journal   = {Commun. {ACM}},
  volume    = {3},
  number    = {5},
  pages     = {299--314},
  year      = {1960},
  url       = {http://doi.acm.org/10.1145/367236.367262},
  doi       = {10.1145/367236.367262},
  timestamp = {Fri, 14 Aug 2015 14:46:12 +0200},
  biburl    = {https://dblp.org/rec/bib/journals/cacm/BackusBGKMPRSVWWW60},
  bibsource = {dblp computer science bibliography, https://dblp.org}
}

@inproceedings{DBLP:conf/oopsla/ErdwegRKO11,
  author    = {Sebastian Erdweg and
               Tillmann Rendel and
               Christian K{\"{a}}stner and
               Klaus Ostermann},
  @ignore.editor    = {Cristina Videira Lopes and
               Kathleen Fisher},
  title     = {SugarJ: library-based syntactic language extensibility},
  booktitle = {Proceedings of the 26th Annual {ACM} {SIGPLAN} Conference on Object-Oriented
               Programming, Systems, Languages, and Applications, {OOPSLA} 2011,
               part of {SPLASH} 2011, Portland, OR, USA, October 22 - 27, 2011},
  pages     = {391--406},
  publisher = {{ACM}},
  year      = {2011},
  url       = {https://doi.org/10.1145/2048066.2048099},
  doi       = {10.1145/2048066.2048099},
  timestamp = {Tue, 06 Nov 2018 16:57:17 +0100},
  biburl    = {https://dblp.org/rec/bib/conf/oopsla/ErdwegRKO11},
  bibsource = {dblp computer science bibliography, https://dblp.org}
}

@inproceedings{DBLP:conf/ecoop/EkmanH04,
  author    = {Torbj{\"{o}}rn Ekman and
               G{\"{o}}rel Hedin},
  @ignore.editor    = {Martin Odersky},
  title     = {Rewritable Reference Attributed Grammars},
  booktitle = {{ECOOP} 2004 - Object-Oriented Programming, 18th European Conference,
               Oslo, Norway, June 14-18, 2004, Proceedings},
  series    = {Lecture Notes in Computer Science},
  volume    = {3086},
  pages     = {144--169},
  publisher = {Springer},
  year      = {2004},
  url       = {http://dx.doi.org/10.1007/978-3-540-24851-4_7},
  doi       = {10.1007/978-3-540-24851-4_7},
  timestamp = {Thu, 07 Jul 2011 15:47:35 +0200},
  biburl    = {http://dblp.dagstuhl.de/rec/bib/conf/ecoop/EkmanH04},
  bibsource = {dblp computer science bibliography, http://dblp.org}
}

@article{DBLP:journals/cl/SoderbergH15,
  author    = {Emma S{\"{o}}derberg and
               G{\"{o}}rel Hedin},
  title     = {Declarative rewriting through circular nonterminal attributes},
  journal   = {Computer Languages, Systems {\&} Structures},
  publisher = {Elsevier},
  volume    = {44},
  pages     = {3--23},
  year      = {2015},
  url       = {http://dx.doi.org/10.1016/j.cl.2015.08.008},
  doi       = {10.1016/j.cl.2015.08.008},
  timestamp = {Sat, 31 Oct 2015 14:10:54 +0100},
  biburl    = {http://dblp.dagstuhl.de/rec/bib/journals/cl/SoderbergH15},
  bibsource = {dblp computer science bibliography, http://dblp.org}
}

@article{DBLP:journals/tse/BasiliBM96,
  author    = {Victor R. Basili and
               Lionel C. Briand and
               Walc{\'{e}}lio L. Melo},
  title     = {A Validation of Object-Oriented Design Metrics as Quality Indicators},
  journal   = {{IEEE} Trans. Software Eng.},
  volume    = {22},
  number    = {10},
  pages     = {751--761},
  year      = {1996},
  url       = {https://doi.org/10.1109/32.544352},
  doi       = {10.1109/32.544352},
  timestamp = {Wed, 17 May 2017 10:56:36 +0200},
  biburl    = {https://dblp.org/rec/bib/journals/tse/BasiliBM96},
  bibsource = {dblp computer science bibliography, https://dblp.org}
}

@article{DBLP:journals/tse/ChidamberK94,
  author    = {Shyam R. Chidamber and
               Chris F. Kemerer},
  title     = {A Metrics Suite for Object Oriented Design},
  journal   = {{IEEE} Trans. Software Eng.},
  volume    = {20},
  number    = {6},
  pages     = {476--493},
  year      = {1994},
  url       = {https://doi.org/10.1109/32.295895},
  doi       = {10.1109/32.295895},
  timestamp = {Wed, 17 May 2017 10:56:35 +0200},
  biburl    = {https://dblp.org/rec/bib/journals/tse/ChidamberK94},
  bibsource = {dblp computer science bibliography, https://dblp.org}
}

@article{Sadowski:2018:LBS:3200906.3188720,
 author = {Sadowski, Caitlin and Aftandilian, Edward and Eagle, Alex and Miller-Cushon, Liam and Jaspan, Ciera},
 title = {Lessons from Building Static Analysis Tools at Google},
 journal = {Commun. ACM},
 issue_date = {April 2018},
 volume = {61},
 number = {4},
 month = mar,
 year = {2018},
 issn = {0001-0782},
 pages = {58--66},
 numpages = {9},
 url = {http://doi.acm.org/10.1145/3188720},
 doi = {10.1145/3188720},
 acmid = {3188720},
 publisher = {ACM},
 address = {New York, NY, USA},
}

@mastersthesis{Oqvist2012MSc,
  author = {Jesper {\"O}qvist},
  title = {{Implementation of Java 7 Features in an Extensible Compiler}},
  type = {{Master Thesis. Report LU-CS-EX:2012-13}},
  school = {Dept. of Computer Science, Lund University},
  address = {Sweden},
  year = {2012},
}

@mastersthesis{Hogeman2014,
  author = {Erik Hogeman},
  title = {{Extending JastAddJ to Java 8}},
  type = {{Master Thesis. Report LU-CS-EX:2014-14}},
  school = {Dept. of Computer Science, Lund University},
  address = {Sweden},
  year = {2014},
}
