@inproceedings{DBLP:conf/cc/Pearce11,
  author    = {David J. Pearce},
  title     = {JPure: {A} Modular Purity System for Java},
  booktitle = {Compiler Construction - 20th International Conference, {CC} 2011,
               Held as Part of the Joint European Conferences on Theory and Practice
               of Software, {ETAPS} 2011, Saarbr{\"{u}}cken, Germany, March 26-April
               3, 2011. Proceedings},
  pages     = {104--123},
  year      = {2011},
  editor    = {Jens Knoop},
  series    = {Lecture Notes in Computer Science},
  volume    = {6601},
  publisher = {Springer},
  url       = {http://dx.doi.org/10.1007/978-3-642-19861-8_7},
  doi       = {10.1007/978-3-642-19861-8_7},
  timestamp = {Tue, 22 Mar 2011 09:52:12 +0100},
  biburl    = {http://dblp.uni-trier.de/rec/bib/conf/cc/Pearce11},
  bibsource = {dblp computer science bibliography, http://dblp.org}
}


@inproceedings{DBLP:conf/spin/DitterCL12,
  author    = {Alexander Ditter and
               Milan Ceska and
               Gerald L{\"{u}}ttgen},
  title     = {On Parallel Software Verification Using Boolean Equation Systems},
  booktitle = {Model Checking Software - 19th International Workshop, {SPIN} 2012,
               Oxford, UK, July 23-24, 2012. Proceedings},
  editor    = {Alastair F. Donaldson and
               David Parker},
  series    = {Lecture Notes in Computer Science},
  volume    = {7385},
  publisher = {Springer},
  pages     = {80--97},
  year      = {2012},
  url       = {http://dx.doi.org/10.1007/978-3-642-31759-0_8},
  doi       = {10.1007/978-3-642-31759-0_8},
  timestamp = {Thu, 23 Apr 2015 07:32:34 +0200},
  biburl    = {http://dblp.uni-trier.de/rec/bib/conf/spin/DitterCL12},
  bibsource = {dblp computer science bibliography, http://dblp.org}
}

@article{DBLP:journals/csur/Paakki95,
  author    = {Jukka Paakki},
  title     = {Attribute Grammar Paradigms - {A} High-Level Methodology in Language
               Implementation},
  journal   = {{ACM} Comput. Surv.},
  volume    = {27},
  number    = {2},
  pages     = {196--255},
  year      = {1995},
  url       = {http://doi.acm.org/10.1145/210376.197409},
  doi       = {10.1145/210376.197409},
  timestamp = {Mon, 05 Dec 2011 18:03:12 +0100},
  biburl    = {http://dblp.uni-trier.de/rec/bib/journals/csur/Paakki95},
  bibsource = {dblp computer science bibliography, http://dblp.org}
}

@inproceedings{DBLP:conf/saga/Jourdan91,
  author    = {Martin Jourdan},
  title     = {A Survey of Parallel Attribute Evaluation Methods},
  booktitle = {Attribute Grammars, Applications and Systems, International Summer
               School SAGA, Prague, Czechoslovakia, June 4-13, 1991, Proceedings},
  editor    = {Henk Alblas and
               Borivoj Melichar},
  pages     = {234--255},
  series    = {Lecture Notes in Computer Science},
  volume    = {545},
  publisher = {Springer},
  year      = {1991},
  url       = {http://dx.doi.org/10.1007/3-540-54572-7_9},
  doi       = {10.1007/3-540-54572-7_9},
  timestamp = {Tue, 14 Jun 2011 20:35:38 +0200},
  biburl    = {http://dblp2.uni-trier.de/rec/bib/conf/saga/Jourdan91},
  bibsource = {dblp computer science bibliography, http://dblp.org}
}

@inproceedings{DBLP:conf/searis/LangeWZ16,
  author    = {Patrick Lange and
               Ren{\'{e}} Weller and
               Gabriel Zachmann},
  title     = {Wait-free hash maps in the entity-component-system pattern for realtime
               interactive systems},
  booktitle = {9th {IEEE} Workshop on Software Engineering and Architectures for
               Realtime Interactive Systems, {SEARIS} 2016, Greenville, SC, USA,
               March 20, 2016},
  pages     = {1--8},
  publisher = {{IEEE} Computer Society},
  year      = {2016},
  url       = {http://dx.doi.org/10.1109/SEARIS.2016.7551583},
  doi       = {10.1109/SEARIS.2016.7551583},
  timestamp = {Tue, 20 Sep 2016 13:37:40 +0200},
  biburl    = {http://dblp.dagstuhl.de/rec/bib/conf/searis/LangeWZ16},
  bibsource = {dblp computer science bibliography, http://dblp.org}
}

@article{DBLP:journals/jpdc/StivalaSBHW10,
  author    = {Alex D. Stivala and
               Peter J. Stuckey and
               Maria Garcia de la Banda and
               Manuel V. Hermenegildo and
               Anthony Wirth},
  title     = {Lock-free parallel dynamic programming},
  journal   = {J. Parallel Distrib. Comput.},
  volume    = {70},
  number    = {8},
  pages     = {839--848},
  year      = {2010},
  url       = {http://dx.doi.org/10.1016/j.jpdc.2010.01.004},
  doi       = {10.1016/j.jpdc.2010.01.004},
  timestamp = {Tue, 06 Dec 2016 17:41:42 +0100},
  biburl    = {http://dblp.dagstuhl.de/rec/bib/journals/jpdc/StivalaSBHW10},
  bibsource = {dblp computer science bibliography, http://dblp.org}
}

@book{DBLP:books/daglib/0076830,
  author    = {Jakob Nielsen},
  title     = {Usability engineering},
  publisher = {Academic Press},
  year      = {1993},
  isbn      = {978-0-12-518405-2},
  timestamp = {Fri, 29 Apr 2011 18:24:06 +0200},
  biburl    = {http://dblp.dagstuhl.de/rec/bib/books/daglib/0076830},
  bibsource = {dblp computer science bibliography, http://dblp.org}
}

@book{DBLP:books/daglib/0024139,
  author    = {Ben Shneiderman and
               Catherine Plaisant},
  title     = {Designing the User Interface - Strategies for Effective Human-Computer
               Interaction {(5.} ed.)},
  publisher = {Addison-Wesley},
  year      = {2010},
  url       = {http://www.pearsonhighered.com/educator/product/Designing-the-User-Interface-Strategies-for-Effective-HumanComputer-Interaction/9780321537355.page},
  isbn      = {978-0-321-53735-5},
  timestamp = {Fri, 04 Feb 2011 10:09:29 +0100},
  biburl    = {http://dblp.dagstuhl.de/rec/bib/books/daglib/0024139},
  bibsource = {dblp computer science bibliography, http://dblp.org}
}

@inproceedings{DBLP:conf/ecoop/WykKBS07,
  author    = {Eric Van Wyk and
               Lijesh Krishnan and
               Derek Bodin and
               August Schwerdfeger},
  editor    = {Erik Ernst},
  title     = {Attribute Grammar-Based Language Extensions for Java},
  booktitle = {{ECOOP} 2007 - Object-Oriented Programming, 21st European Conference,
               Berlin, Germany, July 30 - August 3, 2007, Proceedings},
  series    = {Lecture Notes in Computer Science},
  volume    = {4609},
  pages     = {575--599},
  publisher = {Springer},
  year      = {2007},
  url       = {http://dx.doi.org/10.1007/978-3-540-73589-2_27},
  doi       = {10.1007/978-3-540-73589-2_27},
  timestamp = {Fri, 16 Jul 2010 10:49:57 +0200},
  biburl    = {http://dblp.dagstuhl.de/rec/bib/conf/ecoop/WykKBS07},
  bibsource = {dblp computer science bibliography, http://dblp.org}
}

@article{DBLP:journals/acta/Kastens80,
  author    = {Uwe Kastens},
  title     = {Ordered Attributed Grammars},
  journal   = {Acta Inf.},
  volume    = {13},
  pages     = {229--256},
  year      = {1980},
  url       = {http://dx.doi.org/10.1007/BF00288644},
  doi       = {10.1007/BF00288644},
  timestamp = {Tue, 11 Jan 2011 17:20:08 +0100},
  biburl    = {http://dblp.dagstuhl.de/rec/bib/journals/acta/Kastens80},
  bibsource = {dblp computer science bibliography, http://dblp.org}
}

@inproceedings{DBLP:conf/podc/Herlihy06,
  author    = {Maurice Herlihy},
  editor    = {Eric Ruppert and
               Dahlia Malkhi},
  title     = {The art of multiprocessor programming},
  booktitle = {Proceedings of the Twenty-Fifth Annual {ACM} Symposium on Principles
               of Distributed Computing, {PODC} 2006, Denver, CO, USA, July 23-26,
               2006},
  pages     = {1--2},
  publisher = {{ACM}},
  year      = {2006},
  url       = {http://doi.acm.org/10.1145/1146381.1146382},
  doi       = {10.1145/1146381.1146382},
  timestamp = {Wed, 23 May 2012 14:26:10 +0200},
  biburl    = {http://dblp.dagstuhl.de/rec/bib/conf/podc/Herlihy06},
  bibsource = {dblp computer science bibliography, http://dblp.org}
}

@inproceedings{DBLP:conf/podc/Herlihy88,
  author    = {Maurice Herlihy},
  editor    = {Danny Dolev},
  title     = {Impossibility and Universality Results for Wait-Free Synchronization},
  booktitle = {Proceedings of the Seventh Annual {ACM} Symposium on Principles of
               Distributed Computing, Toronto, Ontario, Canada, August 15-17, 1988},
  pages     = {276--290},
  publisher = {{ACM}},
  year      = {1988},
  url       = {http://doi.acm.org/10.1145/62546.62593},
  doi       = {10.1145/62546.62593},
  timestamp = {Wed, 23 May 2012 14:26:11 +0200},
  biburl    = {http://dblp.dagstuhl.de/rec/bib/conf/podc/Herlihy88},
  bibsource = {dblp computer science bibliography, http://dblp.org}
}

@inproceedings{DBLP:conf/podc/AttiyaDG84,
  author    = {Chagit Attiya and
               Danny Dolev and
               Joseph Gil},
  editor    = {Tiko Kameda and
               Jayadev Misra and
               Joseph G. Peters and
               Nicola Santoro},
  title     = {Asynchronous Byzantine Consensus},
  booktitle = {Proceedings of the Third Annual {ACM} Symposium on Principles of Distributed
               Computing, Vancouver, B. C., Canada, August 27-29, 1984},
  pages     = {119--133},
  publisher = {{ACM}},
  year      = {1984},
  url       = {http://doi.acm.org/10.1145/800222.806740},
  doi       = {10.1145/800222.806740},
  timestamp = {Fri, 10 Aug 2012 19:01:46 +0200},
  biburl    = {http://dblp.dagstuhl.de/rec/bib/conf/podc/AttiyaDG84},
  bibsource = {dblp computer science bibliography, http://dblp.org}
}

@article{DBLP:journals/entcs/WykBGK08,
  author    = {Eric Van Wyk and
               Derek Bodin and
               Jimin Gao and
               Lijesh Krishnan},
  title     = {Silver: an Extensible Attribute Grammar System},
  journal   = {Electr. Notes Theor. Comput. Sci.},
  volume    = {203},
  number    = {2},
  pages     = {103--116},
  year      = {2008},
  url       = {http://dx.doi.org/10.1016/j.entcs.2008.03.047},
  doi       = {10.1016/j.entcs.2008.03.047},
  timestamp = {Wed, 11 Jun 2008 14:42:52 +0200},
  biburl    = {http://dblp.dagstuhl.de/rec/bib/journals/entcs/WykBGK08},
  bibsource = {dblp computer science bibliography, http://dblp.org}
}

@article{DBLP:journals/entcs/MagnussonH03,
  author    = {Eva Magnusson and
               G{\"{o}}rel Hedin},
  title     = {Circular Reference Attributed Grammars - Their Evaluation and Applications},
  journal   = {Electr. Notes Theor. Comput. Sci.},
  volume    = {82},
  number    = {3},
  pages     = {532--554},
  year      = {2003},
  url       = {http://dx.doi.org/10.1016/S1571-0661(05)82627-1},
  doi       = {10.1016/S1571-0661(05)82627-1},
  timestamp = {Tue, 21 Jun 2011 16:44:02 +0200},
  biburl    = {http://dblp.dagstuhl.de/rec/bib/journals/entcs/MagnussonH03},
  bibsource = {dblp computer science bibliography, http://dblp.org}
}

@inproceedings{Lindholm:2016:DIT:2997364.2997378,
 author = {Lindholm, Joel and Thorsberg, Johan and Hedin, G\"{o}rel},
 title = {DrAST: An Inspection Tool for Attributed Syntax Trees (Tool Demo)},
 booktitle = {Proceedings of the 2016 ACM SIGPLAN International Conference on Software Language Engineering},
 series = {SLE 2016},
 year = {2016},
 isbn = {978-1-4503-4447-0},
 location = {Amsterdam, Netherlands},
 pages = {176--180},
 numpages = {5},
 url = {http://doi.acm.org/10.1145/2997364.2997378},
 doi = {10.1145/2997364.2997378},
 acmid = {2997378},
 publisher = {ACM},
 address = {New York, NY, USA},
 keywords = {attribute grammars, debugging tools, syntax trees},
} 


@inproceedings{DBLP:conf/programm/Jourdan84,
  author    = {Martin Jourdan},
  editor    = {Manfred Paul and
               Bernard Robinet},
  title     = {An Optimal-time Recursive Evaluator for Attribute Grammars},
  booktitle = {International Symposium on Programming, 6th Colloquium, Toulouse,
               April 17-19, 1984, Proceedings},
  series    = {Lecture Notes in Computer Science},
  volume    = {167},
  pages     = {167--178},
  publisher = {Springer},
  year      = {1984},
  url       = {http://dx.doi.org/10.1007/3-540-12925-1_37},
  doi       = {10.1007/3-540-12925-1_37},
  timestamp = {Fri, 10 Jun 2011 14:41:18 +0200},
  biburl    = {http://dblp.dagstuhl.de/rec/bib/conf/programm/Jourdan84},
  bibsource = {dblp computer science bibliography, http://dblp.org}
}

@book{evans2004domain,
  title={Domain-driven design: tackling complexity in the heart of software},
  author={Evans, Eric},
  year={2004},
  publisher={Addison-Wesley Professional}
}

@article{DBLP:journals/scp/HedinM03,
  author    = {G{\"{o}}rel Hedin and
               Eva Magnusson},
  title     = {JastAdd--an aspect-oriented compiler construction system},
  journal   = {Sci. Comput. Program.},
  volume    = {47},
  number    = {1},
  pages     = {37--58},
  year      = {2003},
  url       = {http://dx.doi.org/10.1016/S0167-6423(02)00109-0},
  doi       = {10.1016/S0167-6423(02)00109-0},
  timestamp = {Thu, 27 Nov 2003 13:16:16 +0100},
  biburl    = {http://dblp.dagstuhl.de/rec/bib/journals/scp/HedinM03},
  bibsource = {dblp computer science bibliography, http://dblp.org}
}

@article{DBLP:journals/entcs/SloaneKV10,
  author    = {Anthony M. Sloane and
               Lennart C. L. Kats and
               Eelco Visser},
  title     = {A Pure Object-Oriented Embedding of Attribute Grammars},
  journal   = {Electr. Notes Theor. Comput. Sci.},
  volume    = {253},
  number    = {7},
  pages     = {205--219},
  year      = {2010},
  url       = {http://dx.doi.org/10.1016/j.entcs.2010.08.043},
  doi       = {10.1016/j.entcs.2010.08.043},
  timestamp = {Wed, 05 Jan 2011 09:11:31 +0100},
  biburl    = {http://dblp.dagstuhl.de/rec/bib/journals/entcs/SloaneKV10},
  bibsource = {dblp computer science bibliography, http://dblp.org}
}

@article{Norvig:1991:TAM:971738.971743,
 author = {Norvig, Peter},
 title = {Techniques for Automatic Memoization with Applications to Context-free Parsing},
 journal = {Comput. Linguist.},
 issue_date = {March 1991},
 volume = {17},
 number = {1},
 month = mar,
 year = {1991},
 issn = {0891-2017},
 pages = {91--98},
 numpages = {8},
 url = {http://dl.acm.org/citation.cfm?id=971738.971743},
 acmid = {971743},
 publisher = {MIT Press},
 address = {Cambridge, MA, USA},
} 

@inproceedings{bacon1996fast,
  author    = {David F. Bacon and
               Peter F. Sweeney},
  title     = {Fast Static Analysis of {C++} Virtual Function Calls},
  booktitle = {Proceedings of the 1996 ACM SIGPLAN Conference on Object-Oriented
               Programming Systems, Languages {\&} Applications (OOPSLA
               '96), San Jose, California, October 6-10, 1996},
  year      = {1996},
  publisher = {ACM},
  pages     = {324-341},
  ee        = {http://doi.acm.org/10.1145/236337.236371}
  }

@inproceedings{agesen1994sifting,
  author    = {Ole Agesen and
               David Ungar},
  title     = {Sifting Out the Gold: Delivering Compact Applications from an Exploratory Object-oriented Programming Environment},
  booktitle = {OOPSLA'94, Proceedings of the Ninth Annual Conference on
               Object-Oriented Programming Systems, Languages, and Applications,
               Portland, Oregon, USA, October 23-27, 1994},
  year      = {1994},
  pages     = {355-370},
  publisher = {ACM}
}

@ARTICLE{962562, 
  author={Rothermel, G. and Untch, R.H. and Chengyun Chu and Harrold, M.J.}, 
  journal={Software Engineering, IEEE Transactions on}, 
  title={Prioritizing test cases for regression testing}, 
  year={2001}, 
  month={Oct}, 
  volume={27}, 
  number={10}, 
  pages={929-948}, 
  keywords={program debugging;program testing;code component coverage;cost-benefit analysis;experiments;regression testing;software fault correction;software fault detection rate;software testing;test case prioritization;test case scheduling;Application software;Computer Society;Computer aided software engineering;Costs;Fault detection;Feedback;Processor scheduling;Software maintenance;Software testing;System testing}, 
  doi={10.1109/32.962562}, 
  ISSN={0098-5589},
}

@INPROCEEDINGS{5954400, 
	author={Cibulski, H. and Yehudai, A.}, 
	booktitle={Software Testing, Verification and Validation Workshops (ICSTW), 2011 IEEE Fourth International Conference on}, 
	title={Regression Test Selection Techniques for Test-Driven Development}, 
	year={2011}, 
	month={March}, 
	pages={115-124}, 
	keywords={natural language processing;program debugging;program diagnostics;program testing;software fault tolerance;bug detection rate;code change;cost-bounded RTS technique;development cycle;dynamic program analysis;natural-language analysis;regression fault;regression test selection;test rank tool;test-driven development;Context;Correlation;Frequency measurement;Java;Natural languages;Testing;Development Tools;Test coverage of code;Test execution}, 
	doi={10.1109/ICSTW.2011.28},
}

@article{bharti2015,
	year={2015},
	issn={0975-6809},
	journal={International Journal of System Assurance Engineering and Management},
	volume={6},
	number={1},
	doi={10.1007/s13198-014-0244-3},
	title={Understanding the effect of time-constraint bounded novel technique for regression test selection and prioritization},
	url={http://dx.doi.org/10.1007/s13198-014-0244-3},
	publisher={Springer India},
	keywords={Regression test selection; Test case prioritization; Ant colony optimization (ACO); Time-constraint; Analysis},
	author={Suri, Bharti and Singhal, Shweta},
	pages={71-77},
	language={English}
}

@article{beck1999embracing,
  title={Embracing change with extreme programming},
  author={Beck, Kent},
  journal={Computer},
  volume={32},
  number={10},
  pages={70--77},
  year={1999},
  publisher={IEEE}
}

@article{beck1994simple,
  title={Simple {Smalltalk} testing: with patterns},
  author={Beck, Kent},
  journal={The Smalltalk Report},
  volume={4},
  number={2},
  pages={16--18},
  year={1994}
}

@book{beck2003test,
  title={Test-driven development: by example},
  author={Beck, Kent},
  year={2003},
  publisher={Addison-Wesley Professional}
}

@inproceedings{leung1991cost,
  title={A cost model to compare regression test strategies},
  author={Leung, Hareton KN and White, Lee},
  booktitle={Proceedings. Conference on Software Maintenance 1991},
  pages={201--208},
  year={1991},
  organization={IEEE}
}

@article{biswas2011regression,
  title={Regression test selection techniques: A survey},
  author={Biswas, Swarnendu and Mall, Rajib and Satpathy, Manoranjan and Sukumaran, Srihari},
  journal={Informatica: An International Journal of Computing and Informatics},
  volume={35},
  number={3},
  pages={289--321},
  year={2011},
  publisher={Slovene Society Informatika, Vozarski pot 12 1000 Ljubljana, Slovenia}
}

@article{rothermel1996analyzing,
  title={Analyzing regression test selection techniques},
  author={Rothermel, Gregg and Harrold, Mary Jean},
  journal={Software Engineering, IEEE Transactions on},
  volume={22},
  number={8},
  pages={529--551},
  year={1996},
  publisher={IEEE}
}

@inproceedings{gligoric2014empirical,
  title={An empirical evaluation and comparison of manual and automated test selection},
  author={Gligoric, Milos and Negara, Stas and Legunsen, Owolabi and Marinov, Darko},
  booktitle={Proceedings of the 29th ACM/IEEE international conference on Automated software engineering},
  pages={361--372},
  year={2014},
  organization={ACM}
}

@article{orso2004scaling,
  title={Scaling regression testing to large software systems},
  author={Orso, Alessandro and Shi, Nanjuan and Harrold, Mary Jean},
  journal={ACM SIGSOFT Software Engineering Notes},
  volume={29},
  number={6},
  pages={241--251},
  year={2004},
  organization={ACM}
}

@article{gligoric2015ekstazi,
  title={Ekstazi: Lightweight test selection},
  author={Gligoric, Milos and Eloussi, Lamyaa and Marinov, Darko},
  journal={ICSE Demo},
  year={2015}
}

@article{yoo2012regression,
  title={Regression testing minimization, selection and prioritization: a survey},
  author={Yoo, Shin and Harman, Mark},
  journal={Software Testing, Verification and Reliability},
  volume={22},
  number={2},
  pages={67--120},
  year={2012},
  publisher={Wiley Online Library}
}

@misc{infinitest,
  author={Infinitest},
  title={A continuous testing plugin for {Eclipse} and {IntelliJ}},
  howpublished={\url{http://infinitest.github.io}}
}

@article{bible1999unifying,
  title={A unifying framework supporting the analysis and development of safe regression test selection techniques},
  author={Bible, John and Rothermel, Gregg},
  journal={CSE Technical reports},
  pages={8},
  year={1999}
}

@article{skoglund2007improving,
  title={Improving class firewall regression test selection by removing the class firewall},
  author={Skoglund, Mats and Runeson, Per},
  journal={International journal of software engineering and knowledge engineering},
  volume={17},
  number={03},
  pages={359--378},
  year={2007},
  publisher={World Scientific}
}

@inproceedings{white1992firewall,
  title={A firewall concept for both control-flow and data-flow in regression integration testing},
  author={White, Lee J and Leung, Hareton KN},
  booktitle={Software Maintenance, 1992. Proceerdings., Conference on},
  pages={262--271},
  year={1992},
  organization={IEEE}
}

@inproceedings{elbaum2014techniques,
  title={Techniques for improving regression testing in continuous integration development environments},
  author={Elbaum, Sebastian and Rothermel, Gregg and Penix, John},
  booktitle={Proceedings of the 22nd ACM SIGSOFT International Symposium on Foundations of Software Engineering},
  pages={235--245},
  year={2014},
  organization={ACM}
}

@article{tip2002practical,
  title={Practical extraction techniques for Java},
  author={Tip, Frank and Sweeney, Peter F and Laffra, Chris and Eisma, Aldo and Streeter, David},
  journal={ACM Transactions on Programming Languages and Systems (TOPLAS)},
  volume={24},
  number={6},
  pages={625--666},
  year={2002},
  publisher={ACM}
}

@inproceedings{luo2014empirical,
  title={An empirical analysis of flaky tests},
  author={Luo, Qingzhou and Hariri, Farah and Eloussi, Lamyaa and Marinov, Darko},
  booktitle={Proceedings of the 22nd ACM SIGSOFT International Symposium on Foundations of Software Engineering},
  pages={643--653},
  year={2014},
  organization={ACM}
}

@inproceedings{gligoric2015practical,
  title={Practical regression test selection with dynamic file dependencies},
  author={Gligoric, Milos and Eloussi, Lamyaa and Marinov, Darko},
  booktitle={Proceedings of the 2015 International Symposium on Software Testing and Analysis},
  pages={211--222},
  year={2015},
  organization={ACM}
}

@inproceedings{chen1994testtube,
  title={TestTube: A system for selective regression testing},
  author={Chen, Yih-Farn and Rosenblum, David S and Vo, Kiem-Phong},
  booktitle={Proceedings of the 16th international conference on Software engineering},
  pages={211--220},
  year={1994},
  organization={IEEE Computer Society Press}
}

@article{rothermel1997safe,
  title={A safe, efficient regression test selection technique},
  author={Rothermel, Gregg and Harrold, Mary Jean},
  journal={ACM Transactions on Software Engineering and Methodology (TOSEM)},
  volume={6},
  number={2},
  pages={173--210},
  year={1997},
  publisher={ACM}
}

@article{bible2001comparative,
  title={A comparative study of coarse-and fine-grained safe regression test-selection techniques},
  author={Bible, John and Rothermel, Gregg and Rosenblum, David S},
  journal={ACM Transactions on Software Engineering and Methodology (TOSEM)},
  volume={10},
  number={2},
  pages={149--183},
  year={2001},
  publisher={ACM}
}

@article{mei2012static,
  title={A static approach to prioritizing junit test cases},
  author={Mei, Hong and Hao, Dan and Zhang, Lingming and Zhang, Lu and Zhou, Ji and Rothermel, Gregg},
  journal={Software Engineering, IEEE Transactions on},
  volume={38},
  number={6},
  pages={1258--1275},
  year={2012},
  publisher={IEEE}
}

@inproceedings{oqvist2013extending,
  title={Extending the JastAdd extensible Java compiler to Java 7},
  author={{\"O}qvist, Jesper and Hedin, G{\"o}rel},
  booktitle={Proceedings of the 2013 International Conference on Principles and Practices of Programming on the Java Platform: Virtual Machines, Languages, and Tools},
  pages={147--152},
  year={2013},
  organization={ACM}
}
