@article{jastadd,
  title = "JastAdd--an aspect-oriented compiler construction system",
  journal = "Science of Computer Programming",
  volume = "47",
  number = "1",
  pages = "37 - 58",
  year = "2003",
  note = "",
  OPTissn = "0167-6423",
  OPTdoi = "DOI: 10.1016/S0167-6423(02)00109-0",
  OPTurl = "http://www.sciencedirect.com/science/article/pii/S0167642302001090",
  author = "G{\"o}rel Hedin and Eva Magnusson",
  keywords = {Reference attributed grammars, Aspect-oriented programming,
    Compiler construction, Visitor pattern, Java}
}
@book{ekman2006extensible,
  title={Extensible compiler construction},
  author={Ekman, T. and others},
  year={2006},
  publisher={Dept. of Computer Science, Lund Univ.}
}
@misc{jtnr,
  author={The Java\texttrademark{} Tutorials},
  title={Using Non-Reifiable Parameters with Varargs Methods},
  month={August},
  year={2011},
  howpublished={\url{http://download.oracle.com/javase/tutorial/java/generics/non-reifiable-varargs-type.html}}
}
@misc{javadoc,
  author={Oracle},
  title={JavaDoc Tool},
  month={September},
  year={2011},
  howpublished={\url{http://www.oracle.com/technetwork/java/javase/documentation/index-jsp-135444.html}}
}
@misc{doxygen,
  title={Doxygen},
  author={Doxygen},
  month={September},
  year={2011},
  howpublished={\url{http://www.stack.nl/~dimitri/doxygen/}}
}
@misc{jsr334,
  key={Java Community Process},
  title={{Java Specification Request 334. Small Enhancements to the {Java\texttrademark} Programming Language}},
  month={June},
  year={2011},
  howpublished={\url{http://www.jcp.org/en/jsr/detail?id=334}}
}
@misc{mauve,
  author={The Mauve Project},
  title={Homepage},
  month={June},
  year={2011},
  howpublished={\url{http://sources.redhat.com/mauve/}}
}
@misc{jikes,
  author={The Jikes Project},
  title={Homepage},
  month={June},
  year={2011},
  howpublished={\url{http://jikes.sourceforge.net/}}
}
@misc{jflex,
  author={JFlex},
  title={Homepage},
  month={5},
  year={2013},
  howpublished={\url{http://jflex.de/}}
}
@misc{beaver,
  author={Beaver},
  title={Homepage},
  month={5},
  year={2013},
  howpublished={\url{http://beaver.sourceforge.net/}}
}
@book{gamma95,
  title={Design patterns: elements of reusable object-oriented software},
  author={Gamma, E.},
  year={1995},
  publisher={Addison-Wesley Professional}
}
@book{jvms7,
  title={The Java\texttrademark{} Virtual Machine Specification:
    Java SE 7 Edition},
  author={Tim Lindholm and Frank Yellin and Gilad Bracha and Alex Buckley},
  year={2012},
  month={February},
  day={6},
  publisher={Oracle},
  howpublished={http://docs.oracle.com/javase/specs/index.html}
}
@article{junit,
  title={JUnit},
  author={Gamma, E. and Beck, K.},
  year={2011},
  journal={\url{http://www.junit.org}}
}
@article{Knuth90,
  title={The genesis of attribute grammars},
  author={Knuth, D.},
  journal={Attribute Grammars and Their Applications},
  pages={1--12},
  year={1990},
  publisher={Springer}
}
@article{Knuth68,
  title={Semantics of context-free languages},
  author={Knuth, D.E.},
  journal={Theory of Computing Systems},
  volume={2},
  number={2},
  pages={127--145},
  year={1968},
  publisher={Springer}
}
@article{1997aspect,
  title={Aspect-oriented programming},
  author={Kiczales, G. and Lamping, J. and Mendhekar, A. and Maeda, C. and
    Lopes, C. and Loingtier, J.M. and Irwin, J.},
  journal={{ECOOP} 1997 - Object-Oriented Programming},
  pages={220--242},
  year={1997},
  publisher={Springer}
}
@inproceedings{vogt1989higher,
  title={Higher order attribute grammars},
  author={Vogt, H.H. and Swierstra, S.D. and Kuiper, M.F.},
  booktitle={Proceedings of the ACM SIGPLAN 1989 Conference on Programming
    language design and implementation},
  pages={131--145},
  year={1989},
  organization={ACM}
}
@article{klop1992term,
  title={Term rewriting systems},
  author={Klop, J.W. and others},
  journal={Handbook of logic in computer science},
  volume={2},
  pages={1--116},
  year={1992},
  publisher={Citeseer}
}
@book{fischer2009crafting,
  title={Crafting a compiler},
  author={Fischer, C.N. and Cytron, R.K. and LeBlanc, R.J.},
  year={2009},
  publisher={Addison-Wesley Publishing Company}
}
@misc{2011Ahe,
  author={Peter Ah√©},
  title={Override Snafu},
  month={November},
  year={2011},
  howpublished={\url{http://blogs.oracle.com/ahe/entry/override_snafu}}
}
@misc{jdk7release,
  author={Oracle},
  title={JDK 7 Release Notes},
  month={July},
  year={2011},
  howpublished={\url{http://www.oracle.com/technetwork/java/javase/jdk7-relnotes-429209.html}}
}
@inproceedings{Wu06,
  title={Separation of concerns in compiler development using
    aspect-orientation},
  author={Xiaoqing Wu and Barrett R. Bryant and
    Jeff Gray and Suman Roychoudhury and Marjan Mernik},
  booktitle={Proceedings of the 2006 ACM symposium on Applied computing},
  pages={1585--1590},
  year={2006},
  organization={ACM}
}
@inproceedings{abc08,
  title={Modularity first: a case for mixing {AOP} and attribute grammars},
  author={Avgustinov, Pavel and Ekman, Torbj{\"o}rn and Tibble, Julian},
  booktitle={Proceedings of the 7th international conference on Aspect-oriented software development},
  pages={25--35},
  year={2008},
  organization={ACM}
}
@inproceedings{jcop10,
  title={Event-specific software composition in context-oriented programming},
  author={Appeltauer, Malte and Hirschfeld, Robert and Masuhara, Hidehiko and Haupt, Michael and Kawauchi, Kazunori},
  booktitle={Software Composition},
  pages={50--65},
  year={2010},
  organization={Springer}
}
@article{fuji12,
  title={Access control in feature-oriented programming},
  author={Apel, Sven and Kolesnikov, Sergiy and Liebig, J{\"o}rg and K{\"a}stner, Christian and Kuhlemann, Martin and Leich, Thomas},
  journal={Science of Computer Programming},
  volume={77},
  number={3},
  pages={174--187},
  year={2012},
  publisher={Elsevier}
}

@inproceedings{nystrom2003polyglot,
  title={Polyglot: An extensible compiler framework for Java},
  author={Nystrom, Nathaniel and Clarkson, Michael R and Myers, Andrew C},
  booktitle={Compiler Construction},
  pages={138--152},
  year={2003},
  organization={Springer}
}

@incollection{VanWyk2007AbleJ,
  title={Attribute grammar-based language extensions for Java},
  author={Van Wyk, Eric and Krishnan, Lijesh and Bodin, Derek and Schwerdfeger, August},
  booktitle={ECOOP 2007--Object-Oriented Programming},
  pages={575--599},
  year={2007},
  publisher={Springer}
}

@incollection{cok2011openjml,
  title={{OpenJML: JML for Java 7 by extending OpenJDK}},
  author={Cok, David R},
  booktitle={NASA Formal Methods},
  pages={472--479},
  year={2011},
  volume={6617},
  series={LNCS},
  publisher={Springer}
}
@misc{openjdk6,
  author={OpenJDK},
  title={{JDK 6 Project}},
  month={5},
  year={2013},
  howpublished={\url{http://openjdk.java.net/projects/jdk6/}}
}
@misc{polyglot-web,
  author={Polyglot},
  title={{A compiler front end framework for
building {Java} language extensions}},
  month={5},
  year={2013},
  howpublished={\url{http://www.cs.cornell.edu/Projects/polyglot/}}
}
@inproceedings{vanwyk2002forwarding,
  title={Forwarding in attribute grammars for modular language design},
  author={Van Wyk, Eric and De Moor, Oege and Backhouse, Kevin and Kwiatkowski, Paul},
  booktitle={Compiler Construction},
  pages={128--142},
  year={2002},
  series={LNCS},
  volume={2304},
  organization={Springer}
}
@article{Wyk2010Silver,
  author    = {Eric Van Wyk and
               Derek Bodin and
               Jimin Gao and
               Lijesh Krishnan},
  title     = {Silver: An extensible attribute grammar system},
  journal   = {Science of Computer Programming},
  volume    = {75},
  number    = {1-2},
  year      = {2010},
  pages     = {39-54},
  ee        = {http://dx.doi.org/10.1016/j.scico.2009.07.004}
}
@misc{sloccount,
  Author         = "David A. Wheeler",
  Title          = "{SLOCC}ount",
  note           = {\url{http://www.dwheeler.com/sloccount/}},
  year           = {2013},
}
@article{georges2007statistically,
  title={Statistically rigorous java performance evaluation},
  author={Georges, Andy and Buytaert, Dries and Eeckhout, Lieven},
  journal={ACM SIGPLAN Notices},
  volume={42},
  number={10},
  pages={57--76},
  year={2007},
  publisher={ACM}
}
