@inproceedings{ref1,
  key       = {01},
  shorthand = {1},
  altid     = {DBLP:conf/ecoop/BalzerG11},
  author    = {Stephanie Balzer and
               Thomas R. Gross},
  editor    = {Mira Mezini},
  title     = {Verifying Multi-object Invariants with Relationships},
  booktitle = {{ECOOP} 2011 - Object-Oriented Programming - 25th European Conference,
               Lancaster, UK, July 25-29, 2011 Proceedings},
  year      = {2011},
  pages     = {358--382},
  publisher = {Springer},
  url       = {http://dx.doi.org/10.1007/978-3-642-22655-7_17},
  doi       = {10.1007/978-3-642-22655-7_17},
  timestamp = {Sun, 19 Oct 2014 13:18:40 +0200},
  biburl    = {http://dblp.uni-trier.de/rec/bib/conf/ecoop/BalzerG11},
  bibsource = {dblp computer science bibliography, http://dblp.org}
}

@inproceedings{ref2,
  key       = {02},
  shorthand = {2},
  altid     = {DBLP:conf/ecoop/BiermanMS05},
  author    = {Gavin M. Bierman and
               Erik Meijer and
               Wolfram Schulte},
  editor    = {Andrew P. Black},
  title     = {The Essence of Data Access in {C$\omega$}},
  booktitle = {{ECOOP} 2005 - Object-Oriented Programming, 19th European Conference,
               Glasgow, UK, July 25-29, 2005, Proceedings},
  year      = {2005},
  pages     = {287--311},
  publisher = {Springer},
  url       = {http://dx.doi.org/10.1007/11531142_13},
  doi       = {10.1007/11531142_13},
  timestamp = {Sun, 19 Oct 2014 13:40:39 +0200},
  biburl    = {http://dblp.uni-trier.de/rec/bib/conf/ecoop/BiermanMS05},
  bibsource = {dblp computer science bibliography, http://dblp.org}
}

@inproceedings{ref3,
  key       = {03},
  shorthand = {3},
  altid     = {DBLP:conf/ecoop/BiermanW05},
  author    = {Gavin M. Bierman and
               Alisdair Wren},
  editor    = {Andrew P. Black},
  title     = {First-Class Relationships in an Object-Oriented Language},
  booktitle = {{ECOOP} 2005 - Object-Oriented Programming, 19th European Conference,
               Glasgow, UK, July 25-29, 2005, Proceedings},
  year      = {2005},
  pages     = {262--286},
  publisher = {Springer},
  url       = {http://dx.doi.org/10.1007/11531142_12},
  doi       = {10.1007/11531142_12},
  timestamp = {Sun, 19 Oct 2014 13:47:14 +0200},
  biburl    = {http://dblp.uni-trier.de/rec/bib/conf/ecoop/BiermanW05},
  bibsource = {dblp computer science bibliography, http://dblp.org}
}

@inproceedings{ref4,
  key       = {04},
  shorthand = {4},
  altid     = {DBLP:conf/oopsla/BiermanMT07},
  author    = {Gavin M. Bierman and
               Erik Meijer and
               Mads Torgersen},
  editor    = {Richard P. Gabriel and
               David F. Bacon and
               Cristina Videira Lopes and
               Guy L. Steele Jr.},
  title     = {Lost in translation: formalizing proposed extensions to {C\#}},
  booktitle = {Proceedings of the 22nd Annual {ACM} {SIGPLAN} Conference on Object-Oriented
               Programming, Systems, Languages, and Applications, {OOPSLA} 2007,
               October 21-25, 2007, Montreal, Quebec, Canada},
  year      = {2007},
  pages     = {479--498},
  publisher = {{ACM}},
  url       = {http://doi.acm.org/10.1145/1297027.1297063},
  doi       = {10.1145/1297027.1297063},
  timestamp = {Sun, 19 Oct 2014 13:46:04 +0200},
  biburl    = {http://dblp.uni-trier.de/rec/bib/conf/oopsla/BiermanMT07},
  bibsource = {dblp computer science bibliography, http://dblp.org}
}

@article{ref5,
  key       = {05},
  shorthand = {5},
  altid     = {DBLP:journals/cacm/BlackburnMGHKBDFFGHHJLMPSVDW08},
  author    = {Stephen M. Blackburn and
               Kathryn S. McKinley and
               Robin Garner and
               Chris Hoffmann and
               Asjad M. Khan and
               Rotem Bentzur and
               Amer Diwan and
               Daniel Feinberg and
               Daniel Frampton and
               Samuel Z. Guyer and
               Martin Hirzel and
               Antony L. Hosking and
               Maria Jump and
               Han Lee and
               J. Eliot B. Moss and
               Aashish Phansalkar and
               Darko Stefanovic and
               Thomas VanDrunen and
               Daniel von Dincklage and
               Ben Wiedermann},
  title     = {Wake up and smell the coffee: evaluation methodology for the 21st
               century},
  journal   = {Commun. {ACM}},
  year      = {2008},
  volume    = {51},
  number    = {8},
  pages     = {83--89},
  url       = {http://doi.acm.org/10.1145/1378704.1378723},
  doi       = {10.1145/1378704.1378723},
  timestamp = {Sun, 19 Oct 2014 13:43:54 +0200},
  biburl    = {http://dblp.uni-trier.de/rec/bib/journals/cacm/BlackburnMGHKBDFFGHHJLMPSVDW08},
  bibsource = {dblp computer science bibliography, http://dblp.org}
}

@inproceedings{ref6,
  key       = {06},
  shorthand = {6},
  altid     = {DBLP:conf/sfm/CabotG12},
  author    = {Jordi Cabot and
               Martin Gogolla},
  editor    = {Marco Bernardo and
               Vittorio Cortellessa and
               Alfonso Pierantonio},
  title     = {Object Constraint Language {(OCL):} {A} Definitive Guide},
  booktitle = {Formal Methods for Model-Driven Engineering - 12th International School
               on Formal Methods for the Design of Computer, Communication, and Software
               Systems, {SFM} 2012, Bertinoro, Italy, June 18-23, 2012. Advanced
               Lectures},
  year      = {2012},
  pages     = {58--90},
  publisher = {Springer},
  url       = {http://dx.doi.org/10.1007/978-3-642-30982-3_3},
  doi       = {10.1007/978-3-642-30982-3_3},
  timestamp = {Sun, 19 Oct 2014 13:45:08 +0200},
  biburl    = {http://dblp.uni-trier.de/rec/bib/conf/sfm/CabotG12},
  bibsource = {dblp computer science bibliography, http://dblp.org}
}

@book{ref7,
  key       = {07},
  shorthand = {7},
  altid     = {DBLP:books/mk/Cattell00},
  author    = {R. G. G. Cattell and
               Douglas K. Barry},
  title     = {The Object Data Standard: {ODMG} 3.0},
  year      = {2000},
  publisher = {Morgan Kaufmann},
  isbn      = {1-55860-647-5},
  timestamp = {Sun, 19 Oct 2014 13:50:21 +0200},
  biburl    = {http://dblp.uni-trier.de/rec/bib/books/mk/Cattell00},
  bibsource = {dblp computer science bibliography, http://dblp.org}
}

@article{ref8,
  key       = {08},
  shorthand = {8},
  altid     = {DBLP:journals/tods/Chen76},
  author    = {Peter P. Chen},
  title     = {The Entity-Relationship Model - Toward a Unified View of Data},
  journal   = {{ACM} Trans. Database Syst.},
  year      = {1976},
  volume    = {1},
  number    = {1},
  pages     = {9--36},
  url       = {http://doi.acm.org/10.1145/320434.320440},
  doi       = {10.1145/320434.320440},
  timestamp = {Sun, 19 Oct 2014 13:52:16 +0200},
  biburl    = {http://dblp.uni-trier.de/rec/bib/journals/tods/Chen76},
  bibsource = {dblp computer science bibliography, http://dblp.org}
}

@article{ref9,
  key       = {09},
  shorthand = {9},
  altid     = {DBLP:journals/cacm/Codd70},
  author    = {E. F. Codd},
  title     = {A Relational Model of Data for Large Shared Data Banks},
  journal   = {Commun. {ACM}},
  year      = {1970},
  volume    = {13},
  number    = {6},
  pages     = {377--387},
  url       = {http://doi.acm.org/10.1145/362384.362685},
  doi       = {10.1145/362384.362685},
  timestamp = {Sun, 19 Oct 2014 13:55:40 +0200},
  biburl    = {http://dblp.uni-trier.de/rec/bib/journals/cacm/Codd70},
  bibsource = {dblp computer science bibliography, http://dblp.org}
}

@book{ref10,
  key       = {10},
  shorthand = {10},
  altid     = {cook1994designing},
  title     = {Designing Object Systems: Object-oriented Modelling with Syntropy},
  author    = {Cook, Steve and Daniels, John},
  year      = {1994},
  publisher = {Prentice Hall},
  bibsource = {google scholar}
}

@inproceedings{ref11,
  key       = {11},
  shorthand = {11},
  altid     = {DBLP:conf/icse/DietlDEMS11},
  author    = {Werner Dietl and
               Stephanie Dietzel and
               Michael D. Ernst and
               Kivan{\c{c}} Muslu and
               Todd W. Schiller},
  editor    = {Richard N. Taylor and
               Harald Gall and
               Nenad Medvidovic},
  title     = {Building and using pluggable type-checkers},
  booktitle = {Proceedings of the 33rd International Conference on Software Engineering,
               {ICSE} 2011, Waikiki, Honolulu , HI, USA, May 21-28, 2011},
  year      = {2011},
  pages     = {681--690},
  publisher = {{ACM}},
  url       = {http://doi.acm.org/10.1145/1985793.1985889},
  doi       = {10.1145/1985793.1985889},
  timestamp = {Sun, 19 Oct 2014 14:00:59 +0200},
  biburl    = {http://dblp.uni-trier.de/rec/bib/conf/icse/DietlDEMS11},
  bibsource = {dblp computer science bibliography, http://dblp.org}
}

@article{ref12,
  key       = {12},
  shorthand = {12},
  altid     = {DBLP:journals/scp/EkmanH07},
  author    = {Torbj{\"{o}}rn Ekman and
               G{\"{o}}rel Hedin},
  title     = {The JastAdd system - modular extensible compiler construction},
  journal   = {Sci. Comput. Program.},
  year      = {2007},
  volume    = {69},
  number    = {1-3},
  pages     = {14--26},
  url       = {http://dx.doi.org/10.1016/j.scico.2007.02.003},
  doi       = {10.1016/j.scico.2007.02.003},
  timestamp = {Sun, 19 Oct 2014 14:02:54 +0200},
  biburl    = {http://dblp.uni-trier.de/rec/bib/journals/scp/EkmanH07},
  bibsource = {dblp computer science bibliography, http://dblp.org}
}

@inproceedings{ref13,
  key       = {13},
  shorthand = {13},
  altid     = {DBLP:conf/oopsla/EkmanH07},
  author    = {Torbj{\"{o}}rn Ekman and
               G{\"{o}}rel Hedin},
  editor    = {Richard P. Gabriel and
               David F. Bacon and
               Cristina Videira Lopes and
               Guy L. Steele Jr.},
  title     = {The {J}ast{A}dd extensible {J}ava compiler},
  booktitle = {Proceedings of the 22nd Annual {ACM} {SIGPLAN} Conference on Object-Oriented
               Programming, Systems, Languages, and Applications, {OOPSLA} 2007,
               October 21-25, 2007, Montreal, Quebec, Canada},
  year      = {2007},
  pages     = {1--18},
  publisher = {{ACM}},
  url       = {http://doi.acm.org/10.1145/1297027.1297029},
  doi       = {10.1145/1297027.1297029},
  timestamp = {Sun, 19 Oct 2014 14:04:19 +0200},
  biburl    = {http://dblp.uni-trier.de/rec/bib/conf/oopsla/EkmanH07},
  bibsource = {dblp computer science bibliography, http://dblp.org}
}

@article{ref14,
  key       = {14},
  shorthand = {14},
  altid     = {DBLP:journals/jot/EkmanH07},
  author    = {Torbj{\"{o}}rn Ekman and
               G{\"{o}}rel Hedin},
  title     = {Pluggable checking and inferencing of nonnull types for Java},
  journal   = {Journal of Object Technology},
  year      = {2007},
  volume    = {6},
  number    = {9},
  pages     = {455--475},
  url       = {http://dx.doi.org/10.5381/jot.2007.6.9.a23},
  doi       = {10.5381/jot.2007.6.9.a23},
  timestamp = {Sun, 19 Oct 2014 14:04:58 +0200},
  biburl    = {http://dblp.uni-trier.de/rec/bib/journals/jot/EkmanH07},
  bibsource = {dblp computer science bibliography, http://dblp.org}
}

@inproceedings{ref15,
  key       = {15},
  shorthand = {15},
  altid     = {DBLP:conf/oopsla/FahndrichL03},
  author    = {Manuel F{\"{a}}hndrich and
               K. Rustan M. Leino},
  editor    = {Ron Crocker and
               Guy L. Steele Jr.},
  title     = {Declaring and checking non-null types in an object-oriented language},
  booktitle = {Proceedings of the 2003 {ACM} {SIGPLAN} Conference on Object-Oriented
               Programming Systems, Languages and Applications, {OOPSLA} 2003, October
               26-30, 2003, Anaheim, CA, {USA}},
  year      = {2003},
  pages     = {302--312},
  publisher = {{ACM}},
  url       = {http://doi.acm.org/10.1145/949305.949332},
  doi       = {10.1145/949305.949332},
  timestamp = {Sun, 19 Oct 2014 14:05:42 +0200},
  biburl    = {http://dblp.uni-trier.de/rec/bib/conf/oopsla/FahndrichL03},
  bibsource = {dblp computer science bibliography, http://dblp.org}
}

@book{ref16,
  key       = {16},
  shorthand = {16},
  title     = {Refactoring: Improving the Design of Existing Code},
  author    = {Martin Fowler},
  year      = {1999},
  publisher = {Addison-Wesley}
}

@inproceedings{ref17,
  key       = {17},
  shorthand = {17},
  altid     = {DBLP:conf/oopsla/GeorgesBE07},
  author    = {Andy Georges and
               Dries Buytaert and
               Lieven Eeckhout},
  editor    = {Richard P. Gabriel and
               David F. Bacon and
               Cristina Videira Lopes and
               Guy L. Steele Jr.},
  title     = {Statistically rigorous java performance evaluation},
  booktitle = {Proceedings of the 22nd Annual {ACM} {SIGPLAN} Conference on Object-Oriented
               Programming, Systems, Languages, and Applications, {OOPSLA} 2007,
               October 21-25, 2007, Montreal, Quebec, Canada},
  year      = {2007},
  pages     = {57--76},
  publisher = {{ACM}},
  url       = {http://doi.acm.org/10.1145/1297027.1297033},
  doi       = {10.1145/1297027.1297033},
  timestamp = {Sun, 19 Oct 2014 14:10:36 +0200},
  biburl    = {http://dblp.uni-trier.de/rec/bib/conf/oopsla/GeorgesBE07},
  bibsource = {dblp computer science bibliography, http://dblp.org}
}

@inproceedings{ref18,
  key       = {18},
  shorthand = {18},
  altid     = {Gessenharter:2009:IUA:1562100.1562104},
  author    = {Gessenharter, Dominik},
  title     = {Implementing UML Associations in Java: A Slim Code Pattern for a Complex Modeling Concept},
  booktitle = {Proceedings of the Workshop on Relationships and Associations in Object-Oriented Languages},
  series    = {RAOOL '09},
  year      = {2009},
  isbn      = {978-1-60558-549-9},
  location  = {Genova, Italy},
  pages     = {17--24},
  numpages  = {8},
  url       = {http://doi.acm.org/10.1145/1562100.1562104},
  doi       = {10.1145/1562100.1562104},
  acmid     = {1562104},
  publisher = {ACM},
  address   = {New York, NY, USA},
  keywords  = {UML, associations, code generation, language extensions, relationships},
  bibsource = {http://dl.acm.org/citation.cfm?id=1562104}
} 

@book{ref19,
  key       = {19},
  shorthand = {19},
  altid     = {DBLP:books/aw/GoldbergR83},
  author    = {Adele Goldberg and
               David Robson},
  title     = {Smalltalk-80: The Language and Its Implementation},
  year      = {1983},
  publisher = {Addison-Wesley},
  timestamp = {Sun, 19 Oct 2014 14:15:14 +0200},
  biburl    = {http://dblp.uni-trier.de/rec/bib/books/aw/GoldbergR83},
  bibsource = {dblp computer science bibliography, http://dblp.org}
}

@article{ref20,
  key       = {20},
  shorthand = {20},
  altid     = {DBLP:journals/informaticaSI/Hedin00},
  author    = {G{\"{o}}rel Hedin},
  title     = {Reference Attributed Grammars},
  journal   = {Informatica (Slovenia)},
  year      = {2000},
  volume    = {24},
  number    = {3},
  url       = {http://www.informatica.si/vols/vol24_3_00abs.html#two},
  timestamp = {Sun, 19 Oct 2014 14:16:04 +0200},
  biburl    = {http://dblp.uni-trier.de/rec/bib/journals/informaticaSI/Hedin00},
  bibsource = {dblp computer science bibliography, http://dblp.org}
}

@book{ref21,
  key       = {21},
  shorthand = {21},
  altid     = {DBLP:books/daglib/0024034},
  author    = {Daniel Jackson},
  title     = {Software Abstractions - Logic, Language, and Analysis},
  year      = {2011},
  publisher = {{MIT} Press},
  url       = {http://mitpress.mit.edu/catalog/item/default.asp?ttype=2&tid=10928},
  isbn      = {978-0-262-01715-2},
  timestamp = {Sun, 19 Oct 2014 14:16:53 +0200},
  biburl    = {http://dblp.uni-trier.de/rec/bib/books/daglib/0024034},
  bibsource = {dblp computer science bibliography, http://dblp.org}
}

@article{ref22,
  key       = {22},
  shorthand = {22},
  altid     = {DBLP:journals/toplas/LiskovW94},
  author    = {Barbara Liskov and
               Jeannette M. Wing},
  title     = {A Behavioral Notion of Subtyping},
  journal   = {{ACM} Trans. Program. Lang. Syst.},
  year      = {1994},
  volume    = {16},
  number    = {6},
  pages     = {1811--1841},
  url       = {http://doi.acm.org/10.1145/197320.197383},
  doi       = {10.1145/197320.197383},
  timestamp = {Sun, 19 Oct 2014 14:17:56 +0200},
  biburl    = {http://dblp.uni-trier.de/rec/bib/journals/toplas/LiskovW94},
  bibsource = {dblp computer science bibliography, http://dblp.org}
}

@misc{ref23,
  key       = {23},
  shorthand = {23},
  author    = {Microsoft Corporation},
  title     = {C{\#} Language Specification v1.2},
  howpublished = {\url{http://download.microsoft.com}}
}

@book{ref24,
  key       = {24},
  shorthand = {24},
  altid     = {DBLP:books/daglib/0017180},
  author    = {Maurice Naftalin and
               Philip Wadler},
  title     = {Java generics and collections},
  year      = {2006},
  publisher = {O'Reilly},
  url       = {http://www.oreilly.de/catalog/javagenerics/index.html},
  isbn      = {978-0-596-52775-4},
  timestamp = {Sun, 19 Oct 2014 14:24:34 +0200},
  biburl    = {http://dblp.uni-trier.de/rec/bib/books/daglib/0017180},
  bibsource = {dblp computer science bibliography, http://dblp.org}
}

@inproceedings{ref25,
  key       = {25},
  shorthand = {25},
  altid     = {DBLP:conf/ecoop/NobleVP98},
  author    = {James Noble and
               Jan Vitek and
               John Potter},
  editor    = {Eric Jul},
  title     = {Flexible Alias Protection},
  booktitle = {ECOOP'98 - Object-Oriented Programming, 12th European Conference,
               Brussels, Belgium, July 20-24, 1998, Proceedings},
  year      = {1998},
  pages     = {158--185},
  publisher = {Springer},
  url       = {http://dx.doi.org/10.1007/BFb0054091},
  doi       = {10.1007/BFb0054091},
  timestamp = {Sun, 19 Oct 2014 14:25:30 +0200},
  biburl    = {http://dblp.uni-trier.de/rec/bib/conf/ecoop/NobleVP98},
  bibsource = {dblp computer science bibliography, http://dblp.org}
}

@inproceedings{ref26,
  key       = {26},
  shorthand = {26},
  altid     = {Noble97basicrelationship},
  author    = {James Noble},
  title     = {Basic relationship patterns},
  booktitle = {Pattern Languages of Program Design 4},
  pages     = {73--89},
  year      = {2000},
  publisher = {Addison-Wesley},
  bibsource = {friedrich}
}

@misc{ref27,
  key       = {27},
  shorthand = {27},
  author={Object Management Group},
  title={Object Constraint Language Version 2.2},
  howpublished={\url{http://www.omg.org/spec/OCL/2.2}}
}

@misc{ref28,
  key       = {28},
  shorthand = {28},
  author={Object Management Group},
  title={UML Superstructure V2.2},
  howpublished={\url{http://www.omg.org/spec/UML/2.2/Superstructure}}
}

@misc{ref29,
  key       = {29},
  shorthand = {29},
  title={The Scala Language Specification},
  author={Martin Odersky},
  publisher={Programming Methods Laboratory, EPFL, Switzerland},
  year={2009}
}

@inproceedings{ref30,
  key       = {30},
  shorthand = {30},
  altid     = {DBLP:conf/pppj/OqvistH13},
  author    = {Jesper {\"{O}}qvist and
               G{\"{o}}rel Hedin},
  editor    = {Martin Pl{\"{u}}micke and
               Walter Binder},
  title     = {Extending the JastAdd extensible Java compiler to Java 7},
  booktitle = {Proceedings of the 2013 International Conference on Principles and
               Practices of Programming on the Java Platform: Virtual Machines, Languages,
               and Tools, Stuttgart, Germany, September 11-13, 2013},
  year      = {2013},
  pages     = {147--152},
  publisher = {{ACM}},
  url       = {http://doi.acm.org/10.1145/2500828.2500843},
  doi       = {10.1145/2500828.2500843},
  timestamp = {Sun, 19 Oct 2014 14:40:04 +0200},
  biburl    = {http://dblp.uni-trier.de/rec/bib/conf/pppj/OqvistH13},
  bibsource = {dblp computer science bibliography, http://dblp.org}
}

@inproceedings{ref31,
  key       = {31},
  shorthand = {31},
  altid     = {Osterbye:2007:DCL:1512762.1512769},
  author = {{\O}sterbye, Kasper},
  title = {Design of a Class Library for Association Relationships},
  booktitle = {Proceedings of the 2007 Symposium on Library-Centric Software Design},
  series = {LCSD '07},
  year = {2007},
  isbn = {978-1-60558-086-9},
  location = {Montreal, Canada},
  pages = {67--75},
  numpages = {9},
  url = {http://doi.acm.org/10.1145/1512762.1512769},
  doi = {10.1145/1512762.1512769},
  acmid = {1512769},
  publisher = {ACM},
  address = {New York, NY, USA},
  bibsource = {acm digital library}
} 

@inproceedings{ref32,
  key       = {32},
  shorthand = {32},
  altid     = {DBLP:conf/tools/Osterbye99},
  author    = {Kasper {\O}sterbye},
  title     = {Associations as a Language Construct},
  booktitle = {{TOOLS} Europe 1999: 29th International Conference on Technology of
               Object-Oriented Languages and Systems, 7-10 June 1999, Nancy, France},
  year      = {1999},
  pages     = {224--235},
  publisher = {{IEEE} Computer Society},
  url       = {http://dx.doi.org/10.1109/TOOLS.1999.779015},
  doi       = {10.1109/TOOLS.1999.779015},
  timestamp = {Sun, 19 Oct 2014 14:44:25 +0200},
  biburl    = {http://dblp.uni-trier.de/rec/bib/conf/tools/Osterbye99},
  bibsource = {dblp computer science bibliography, http://dblp.org}
}

@inproceedings{ref33,
  key       = {33},
  shorthand = {33},
  altid     = {DBLP:conf/aosd/PearceN06},
  author    = {David J. Pearce and
               James Noble},
  editor    = {Robert E. Filman},
  title     = {Relationship aspects},
  booktitle = {Proceedings of the 5th International Conference on Aspect-Oriented
               Software Development, {AOSD} 2006, Bonn, Germany, March 20-24, 2006},
  year      = {2006},
  pages     = {75--86},
  publisher = {{ACM}},
  url       = {http://doi.acm.org/10.1145/1119655.1119668},
  doi       = {10.1145/1119655.1119668},
  timestamp = {Sun, 19 Oct 2014 14:46:19 +0200},
  biburl    = {http://dblp.uni-trier.de/rec/bib/conf/aosd/PearceN06},
  bibsource = {dblp computer science bibliography, http://dblp.org}
}

@inproceedings{ref34,
  key       = {34},
  shorthand = {34},
  altid     = {DBLP:conf/oopsla/Rumbaugh87},
  author    = {James E. Rumbaugh},
  editor    = {Norman K. Meyrowitz},
  title     = {Relations as Semantic Constructs in an Object-Oriented Language},
  booktitle = {Conference on Object-Oriented Programming Systems, Languages, and
               Applications (OOPSLA'87), Orlando, Florida, USA, October 4-8, 1987,
               Proceedings.},
  year      = {1987},
  pages     = {466--481},
  publisher = {{ACM}},
  url       = {http://doi.acm.org/10.1145/38765.38850},
  doi       = {10.1145/38765.38850},
  timestamp = {Sun, 19 Oct 2014 14:47:33 +0200},
  biburl    = {http://dblp.uni-trier.de/rec/bib/conf/oopsla/Rumbaugh87},
  bibsource = {dblp computer science bibliography, http://dblp.org}
}

@inproceedings{ref35,
  key       = {35},
  shorthand = {35},
  altid     = {DBLP:conf/oopsla/Rumbaugh88},
  author    = {James E. Rumbaugh},
  editor    = {Norman K. Meyrowitz},
  title     = {Controlling Propagation of Operations Using Attributes on Relations},
  booktitle = {Conference on Object-Oriented Programming Systems, Languages, and
               Applications (OOPSLA'88), San Diego, California, USA, September 25-30,
               1988, Proceedings.},
  year      = {1988},
  pages     = {285--296},
  publisher = {{ACM}},
  url       = {http://doi.acm.org/10.1145/62083.62109},
  doi       = {10.1145/62083.62109},
  timestamp = {Sun, 19 Oct 2014 14:52:59 +0200},
  biburl    = {http://dblp.uni-trier.de/rec/bib/conf/oopsla/Rumbaugh88},
  bibsource = {dblp computer science bibliography, http://dblp.org}
}

@book{ref36,
  key       = {36},
  shorthand = {36},
  altid     = {DBLP:books/ph/RumbaughBPEL91},
  author    = {James E. Rumbaugh and
               Michael R. Blaha and
               William J. Premerlani and
               Frederick Eddy and
               William E. Lorensen},
  title     = {Object-Oriented Modeling and Design},
  year      = {1990},
  publisher = {Prentice-Hall},
  timestamp = {Sun, 19 Oct 2014 14:53:39 +0200},
  biburl    = {http://dblp.uni-trier.de/rec/bib/books/ph/RumbaughBPEL91},
  bibsource = {dblp computer science bibliography, http://dblp.org}
}

@inproceedings{ref37,
  key       = {37},
  shorthand = {37},
  altid     = {DBLP:conf/oopsla/Steimann13},
  author    = {Friedrich Steimann},
  editor    = {Antony L. Hosking and
               Patrick Th. Eugster and
               Robert Hirschfeld},
  title     = {Content over container: object-oriented programming with multiplicities},
  booktitle = {{ACM} Symposium on New Ideas in Programming and Reflections on Software,
               Onward! 2013, part of {SPLASH} '13, Indianapolis, IN, USA, October
               26-31, 2013},
  year      = {2013},
  pages     = {173--186},
  publisher = {{ACM}},
  url       = {http://doi.acm.org/10.1145/2509578.2509582},
  doi       = {10.1145/2509578.2509582},
  timestamp = {Sun, 19 Oct 2014 14:54:34 +0200},
  biburl    = {http://dblp.uni-trier.de/rec/bib/conf/oopsla/Steimann13},
  bibsource = {dblp computer science bibliography, http://dblp.org}
}

@book{ref38,
  key       = {38},
  shorthand = {38},
  title={JavaFX Developer's Guide},
  author={Topley, K.},
  isbn={9780321648952},
  series={Developer's Library},
  url={http://www.google.se/books?id=bnDCXcoZR9MC},
  year={2010},
  publisher={Pearson Education},
  bibsource={google books}
}

@inproceedings{ref39,
  key       = {39},
  shorthand = {39},
  altid     = {DBLP:conf/oopsla/UngarA10},
  author    = {David Ungar and
               Sam S. Adams},
  editor    = {William R. Cook and
               Siobh{\'{a}}n Clarke and
               Martin C. Rinard},
  title     = {Harnessing emergence for manycore programming: early experience integrating
               ensembles, adverbs, and object-based inheritance},
  booktitle = {Companion to the 25th Annual {ACM} {SIGPLAN} Conference on Object-Oriented
               Programming, Systems, Languages, and Applications, {SPLASH/\discretionary{}{}{}OOPSLA}
               2010, October 17-21, 2010, Reno/Tahoe, Nevada, {USA}},
  year      = {2010},
  pages     = {19--26},
  publisher = {{ACM}},
  url       = {http://doi.acm.org/10.1145/1869542.1869546},
  doi       = {10.1145/1869542.1869546},
  timestamp = {Sun, 19 Oct 2014 14:57:08 +0200},
  biburl    = {http://dblp.uni-trier.de/rec/bib/conf/oopsla/UngarA10},
  bibsource = {dblp computer science bibliography, http://dblp.org}
}

@inproceedings{ref40,
  key       = {40},
  shorthand = {40},
  altid     = {DBLP:conf/pldi/VogtSK89},
  author    = {Harald Vogt and
               S. Doaitse Swierstra and
               Matthijs F. Kuiper},
  editor    = {Richard L. Wexelblat},
  title     = {Higher-Order Attribute Grammars},
  booktitle = {Proceedings of the {ACM} SIGPLAN'89 Conference on Programming Language
               Design and Implementation (PLDI), Portland, Oregon, USA, June 21-23,
               1989},
  year      = {1989},
  pages     = {131--145},
  publisher = {{ACM}},
  url       = {http://doi.acm.org/10.1145/73141.74830},
  doi       = {10.1145/73141.74830},
  timestamp = {Sun, 19 Oct 2014 14:58:31 +0200},
  biburl    = {http://dblp.uni-trier.de/rec/bib/conf/pldi/VogtSK89},
  bibsource = {dblp computer science bibliography, http://dblp.org}
}

